4548 5788
163 119 359 202 ΠΜ,
393 115 624 198 turunrtt·
648 113 1409 200 mammarum
1434 121 1825 200 crmnuournu.
1941 121 2023 202 ess

75 265 76 270 '
128 241 278 386 espa,
304 295 787 390 assumamus,
814 291 969 392 'mssa
1012 293 2021 384 mnmmmmmvsumrrm

96 396 150 468 vit
170 397 215 466 in
232 391 525 491 Hellespontum,
560 397 623 470 ubi
649 421 730 470 cum
755 409 847 470 esset
866 421 971 492 prse-
1021 421 1105 472 ω
1127 423 1244 470 tusum
1264 394 1547 472 Demosthenen
1577 399 1742 470 onmium
1773 400 2020 474 edomitam
2173 483 2176 490 ,

88 500 236 585 classis,
262 501 390 572 Mein
411 501 586 572 exarchus
601 500 701 573 varie
719 500 969 586 circumdurit,
1021 510 1186 573 morsm
1202 525 1289 574 esse.
1329 501 1423 572 Utar
1436 515 1559 574 autem
1576 501 1704 576 ardino
1719 501 1784 572 illo
1799 503 1839 574 in
1852 503 2019 589 diffindat

118 627 206 674 cum
222 603 347 676 inisset
360 601 394 674 si
411 628 494 676 cum
508 604 573 673 illo
587 603 738 678 sudatas
762 626 988 707 ructasse-ac¹
1019 629 1129 698 quem
1144 604 1263 697 ipsum
1278 615 1485 677 secuturum
1502 627 1576 676 esse
1592 604 1743 698 accipio.
1792 605 1846 679 Ac
1858 606 2019 698 prim

174 719 328 798 propter
352 719 541 800 paternam
563 706 779 792 amicitiam,
817 720 971 780 nonest
1021 709 1066 776 de
1083 707 1204 800 primo
1218 720 1403 801 tempore,
1429 719 1552 800 postea
1568 709 1614 778 de
1628 706 1804 792 secundo,
1828 708 2018 780 deindede
2061 781 2064 792 ,

115 831 289 882 accusare
301 809 435 880 iudicio
454 808 570 882 laesae
585 809 793 885 maiestatis.
828 809 968 882 Omitto
1017 809 1147 893 tertio,
1187 823 1319 906 (praeto
1349 810 1396 879 de
1421 810 1604 902 praesenti
1625 822 1722 882 statu
1742 810 1904 884 dicbrru
1926 835 2019 885 uo.
2119 903 2121 908 Ι

96 935 208 982 onem
232 924 360 982 contra
379 911 561 998 Mediam,
595 915 643 984 de
664 909 845 1008 colaphis,
878 937 969 1009 quos
1020 911 1331 1006 Principioigitur
1344 913 1390 982 de
1410 935 1519 1005 pace,
1551 935 1644 1008 quae
1665 926 1727 984 tua
1750 926 1787 985 et
1802 909 2019 1001 Plsilocsrtis

63 1011 155 1200 rm
170 1010 380 1100 orchestra,
404 1023 488 1088 cum
508 1017 613 1089 ludos
636 1017 788 1100 faceret3
823 1031 860 1089 et
878 1032 990 1112 quot
1020 1015 1211 1109 rogatione
1224 1009 1317 1086 lacta
1337 1027 1409 1098 est,
1434 1015 1565 1089 dicam.
1603 1014 1752 1086 Licebat
1763 1015 1886 1101 vobis,
1911 1017 2019 1102 ciret,

91 1116 244 1208 triginta
261 1116 371 1190 minis
390 1119 544 1212 acceptis
560 1119 737 1192 destiterit
757 1123 803 1192 ab
826 1141 969 1191 arcana·
1019 1141 1146 1212 pacem
1160 1119 1263 1190 illam
1279 1118 1440 1212 priorem
1452 1117 1562 1189 simul
1579 1142 1661 1189 cum
1683 1117 1830 1214 reliquis
1844 1117 2018 1195 Graeciae

61 1225 84 1304 t,
108 1232 145 1290 ct
161 1219 369 1291 vendiderit
388 1222 515 1314 populi
536 1223 764 1296 sententiam.
814 1223 914 1294 Haec
934 1217 971 1294 et
1020 1221 1164 1314 populis
1178 1222 1355 1294 universis
1369 1221 1511 1306 iacere,
1543 1219 1739 1316 siquidem
1763 1221 1929 1296 sivissent
1951 1245 2018 1296 vm

60 1307 195 1410 ¹haalia
221 1324 334 1393 multa
358 1327 666 1416 praetermittam,
692 1350 767 1398 non
783 1325 969 1418 praevari-
1020 1337 1207 1418 expectare
1223 1327 1377 1417 legatos,
1403 1334 1496 1420 qnos
1510 1323 1574 1393 illo
1595 1335 1760 1416 tempore
1785 1326 1832 1394 ad
1855 1326 1944 1398 alias
1969 1323 2018 1398 ct

59 1427 112 1512 lus
128 1437 196 1496 aut
210 1451 293 1497 cum
311 1449 376 1496 reo
400 1427 619 1514 collusurns,
651 1431 713 1500 sed
736 1429 820 1524 quia
843 1427 969 1512 timeo,
1020 1428 1147 1499 vitstcs
1168 1427 1368 1512 miseratis,
1409 1429 1458 1496 ad
1480 1427 1687 1498 societatem
1706 1428 1932 1498 suadendam
1955 1428 2019 1498 sd·

57 1519 222 1614 htidiatis
235 1524 325 1600 haec
338 1542 459 1601 vetera
474 1543 511 1601 et
526 1531 750 1624 pervulgata,
776 1543 969 1626 quantum-
1019 1553 1145 1602 rersus
1160 1527 1387 1624 Philippum.
1442 1529 1494 1602 Ea
1520 1531 1707 1602 occasione
1728 1529 1934 1621 potuissetis
1955 1531 2019 1600 do·

56 1629 121 1720 hta
134 1631 226 1704 sint.
263 1631 354 1704 Ctun
372 1645 494 1704 autem
511 1647 703 1706 tamvetus
717 1633 866 1706 infamia
880 1634 967 1706 citra
1020 1633 1106 1704 inde
1134 1657 1350 1726 recuperare
1378 1631 1621 1726 principatum
1649 1633 1689 1702 in
1719 1631 1884 1706 Graecia.
1945 1632 2018 1704 Sed

54 1739 79 1824 h
100 1734 369 1814 dubitationem
390 1731 539 1808 haereat
565 1737 605 1808 in
624 1733 888 1821 Demosthene,
928 1749 970 1810 ut
1020 1731 1108 1806 haec
1122 1735 1364 1830 impedierunt
1372 1731 1632 1808 Demosthenes
1645 1749 1681 1806 et
1693 1730 1929 1820 Philocrates,
1955 1735 2020 1832 tjni

53 1833 274 1910 lvereudum
290 1839 349 1923 sit,
371 1863 416 1910 ne
431 1840 655 1912 fastidiosum
673 1837 719 1912 sit
732 1853 807 1911 tam
823 1839 968 1932 vulgata
1019 1840 1183 1932 corrupti
1210 1841 1383 1911 adsersus
1411 1837 1591 1932 publicam
1618 1838 1811 1924 utilitatem
1834 1833 2042 1932 soumis-⁸

51 1949 147 2040 ltere,
186 1942 421 2036 quantumvis
442 1967 528 2014 vera
550 1943 642 2030 sint,
682 1956 805 2014 utrum
834 1965 968 2020 comus
1020 1955 1164 2016 emant.
1209 1942 1250 2014 si
1263 1941 1324 2015 cui
1340 1965 1426 2011 vero
1449 1937 1539 2011 haec
1564 1941 1684 2012 oratio
1702 1939 1824 2032 primo
1848 1944 2019 2034 adspectu

50 2043 300 2137 ltupaauone
315 2045 445 2137 dignus
459 2045 628 2118 ridetur?
659 2043 714 2118 De
728 2058 764 2117 tc
778 2069 866 2118 vero
881 2046 989 2141 quid‘
1018 2067 1097 2116 u
1123 2043 1213 2118 satis
1237 2043 1417 2116 credibilis
1447 2045 1608 2128 ridetur,
1649 2045 1679 2118 is
1703 2045 1900 2137 susspendst
1924 2043 2018 2116 indi

49 2149 199 2217 nendum
232 2146 310 2220 est?
352 2160 474 2220 utrum
497 2149 642 2225 tandem
672 2162 708 2220 te
738 2143 968 2220 contemnere
1016 2147 1137 2234 elnm,
1168 2150 1284 2220 donee
1304 2147 1444 2242 reliqua
1469 2148 1636 2227 audierit.
1658 2201 1663 2209 .
1688 2144 1786 2223 Utsi
1805 2148 1849 2218 de
1863 2145 2017 2239 pecu‘a
2150 2231 2153 2238 ,

48 2247 99 2319 icis
114 2251 243 2335 decet,
264 2250 395 2322 salsum
410 2251 450 2322 in
472 2251 617 2344 publico
645 2253 789 2323 decreto
811 2253 968 2325 scriben-
1014 2273 1174 2344 expensa
1188 2251 1317 2323 salsum
1340 2249 1550 2343 opinionem
1566 2252 1679 2320 dorso
1699 2249 1945 2322 athulisscmut
1966 2250 2016 2329 ad

46 2377 66 2434 t,
88 2377 132 2422 an
147 2352 273 2445 potins
288 2353 506 2446 reipublicae
520 2379 657 2448 poenas
672 2354 784 2428 dare?
830 2354 885 2426 De
902 2379 969 2448 pn·
1015 2355 1287 2446 subducendam
1318 2351 1519 2438 rationem,
1556 2375 1667 2422 nemo
1692 2363 1842 2422 cattam
1861 2351 2019 2445 ineptas,

45 2453 72 2526 is
91 2455 305 2527 criminibus
318 2457 496 2551 prolixior
513 2459 631 2530 oratio
648 2459 768 2531 futura
786 2471 850 2531 est.
901 2460 969 2528 Ac·
1021 2456 1085 2552 qui
1098 2469 1181 2550 post
1193 2457 1406 2531 cabrunos
1427 2455 1607 2525 rationem
1628 2477 1704 2525 non
1728 2454 1836 2525 malit
1852 2453 2019 2528 mutili

43 2553 221 2642 hauteur,
251 2555 534 2632 Demosthenem
549 2561 793 2634 defensionem
808 2583 911 2635 suam
929 2561 988 2646 is,
1017 2560 1184 2646 calculis,
1225 2561 1340 2656 quom
1363 2579 1449 2630 suae
1479 2557 1653 2650 pristinae
1682 2555 1863 2650 opinioni:
1903 2559 1957 2628 its
1979 2570 2019 2630 et

42 2671 123 2732 ttuor
146 2674 338 2754 tempora,
370 2664 500 2756 quibus
522 2664 600 2756 ipso
623 2663 882 2756 rempublicam
907 2667 968 2735 ad-
1017 2685 1135 2748 nare,
1160 2663 1278 2758 siqui
1285 2658 1381 2732 hanc
1395 2661 1596 2732 attulerunt
1609 2659 1820 2754 opinionem
1842 2661 1953 2742 demo
1976 2659 2017 2732 h

41 2762 206 2849 tistravit,
253 2764 530 2838 distributurum
558 2791 645 2841 osse.
710 2767 896 2851 Primcun,
927 2779 969 2838 ut
1017 2764 1214 2851 indicium,
1256 2766 1355 2860 quod
1384 2760 1647 2839 Demosthenes
1671 2786 1859 2858 nunquam
1887 2763 2019 2836 laverit
2131 2855 2137 2869 „

40 2863 98 2951 lio,
121 2880 271 2962 tempus
294 2867 384 2940 illud
404 2893 481 2945 esse
502 2869 615 2955 dicet,
641 2895 715 2966 quo
736 2869 869 2942 bellum
887 2893 968 2941 cum
1014 2865 1216 2962 Philippo,
1238 2863 1277 2938 hi
1291 2891 1368 2938 non
1382 2867 1641 2960 pronuntient,
1666 2865 1877 2962 priusquam
1892 2865 2017 2939 omnia

40 2967 137 3062 lippo
165 2984 324 3064 propter
351 2967 588 3065 Amphipolin
621 2972 812 3064 gessimus,
854 2976 969 3046 donec
1020 2971 1220 3052 sudienirt3
1261 2967 1500 3066 nequeenim
1521 2969 1654 3042 Mum
1681 2981 1752 3041 est.-
1809 2969 1879 3042 Sed
1904 2971 1936 3042 si
1957 2993 2018 3042 nte

40 3091 131 3144 tcum
146 3070 327 3168 Philippo
348 3077 441 3146 iacta
464 3087 517 3146 est
540 3088 576 3145 et
593 3075 763 3160 societas,
791 3075 891 3149 cuius
905 3099 968 3148 au·
1020 3075 1204 3168 paulisper
1238 3072 1426 3144 audieritis
1459 3072 1682 3164 redigentem
1716 3071 1820 3145 vohis
1849 3073 2018 3146 omniurn

40 3177 226 3249 caluerunt
243 3174 468 3250 Philocrates
481 3191 518 3248 et
531 3178 609 3250 iste.
667 3177 870 3251 Secundum
894 3201 968 3252 esse
1018 3191 1231 3270 temporum·
1244 3175 1391 3248 consilia
1407 3174 1448 3246 in
1465 3175 1716 3260 memoriam,
1735 3188 1771 3246 et
1791 3171 2019 3248 exhibentem
2102 3233 2108 3250 ,

40 3289 83 3362 ct,
105 3306 178 3374 quo
195 3287 326 3374 pacem
341 3277 582 3366 habebamus,
609 3284 725 3352 donec
738 3294 779 3354 tu
793 3282 883 3376 ipse,
905 3305 969 3352 an-
1020 3281 1234 3366 docretum,
1283 3279 1382 3376 qnod
1416 3303 1498 3350 cum
1531 3274 1739 3350 Philocrate
1773 3279 1918 3374 scripsit
1947 3277 2021 3351 Do-

55 3382 146 3472 pacis
168 3396 298 3468 autor,
331 3398 454 3478 postea
481 3385 715 3478 perturbator
736 3387 856 3479 pacis,
889 3407 969 3459 sua-
1020 3379 1246 3470 mosthsuss,
1292 3405 1446 3478 namque
1475 3404 1561 3452 vera
1592 3380 1869 3454 ratiocinatione
1897 3381 2020 3454 cunel-

40 3479 210 3560 ibellum
244 3485 320 3558 esso'
352 3487 631 3580 suscipiendam.
697 3486 862 3562 Tertium
884 3487 970 3561 belli
1022 3495 1126 3573 c'ero,
1151 3482 1433 3558 Demosthenem
1450 3485 1562 3556 marita
1579 3485 1721 3556 decreta
1738 3485 1785 3555 de
1799 3509 1889 3576 pace
1903 3507 1946 3556 ae
1961 3509 2021 3558 so-
2102 3493 2105 3500 “

40 3605 113 3677 tpus
129 3591 176 3661 ad
193 3590 334 3662 cladem
351 3613 465 3684 usque
487 3589 526 3658 in
541 3586 752 3662 Chaeronea
775 3592 986 3683 acceptam.‘
1022 3587 1149 3660 cistate
1164 3613 1245 3666 cum
1260 3583 1465 3658 Philocrate
1486 3587 1627 3672 iecisse,
1653 3599 1690 3656 et
1708 3584 2020 3678 impudentissime

40 3703 151 3763 artum
170 3715 346 3787 praesens
365 3705 519 3784 tempus.
577 3691 675 3762 Haec
697 3704 861 3785 tempora
886 3717 968 3764 cum
1022 3691 1211 3762 adulatum
1240 3714 1316 3762 esse
1336 3685 1527 3782 Philippo,
1564 3701 1601 3758 et
1628 3687 1785 3760 reditum
1815 3689 2019 3782 legatorum

40 3796 208 3883 ensuerit,
235 3794 392 3880 iubebit,
416 3806 458 3865 ut
479 3791 608 3878 audio,
633 3817 692 3864 me
708 3793 844 3878 dicere,
871 3795 970 3870 cuius
1021 3791 1231 3864 nostrorum
1262 3792 1399 3864 abillo
1426 3815 1502 3864 nan
1531 3803 1753 3886 expectasse,
1786 3789 1822 3862 e't
1852 3805 2019 3867 autorem

40 3897 143 3986 rporis
164 3923 224 3974 res
245 3911 363 3993 gestas
383 3921 565 3982 accusem,
602 3909 638 3967 et
663 3917 755 3992 quae
777 3893 970 3990 reprehen-
1020 3895 1129 3971 luisse
1141 3896 1299 3989 populo,
1323 3920 1370 3966 ne
1384 3919 1455 3990 par
1477 3919 1557 3968 cum
1578 3894 1727 3990 reliquis
1741 3895 1891 3970 Graecis
1905 3898 2020 3984 beret,

40 4002 236 4075 nconsilia.
288 4002 361 4072 Ubi
376 4001 408 4072 si
430 3999 543 4070 nolim
565 3999 804 4092 respondere,
830 4002 891 4071 sed
907 4002 971 4071 ob·
1023 4009 1058 4070 st
1081 3998 1280 4092 prodidisse
1302 3996 1473 4096 Philippo
1500 4021 1622 4092 regem
1643 3994 1843 4085 Thraciae,
1880 4001 2020 4074 sociom

40 4111 116 4174 ntus
133 4105 338 4196 aufugiam,
369 4115 505 4196 reteget
525 4127 601 4188 me,
634 4116 670 4174 et
690 4106 908 4196 productum
931 4103 970 4176 in
1023 4117 1059 4174 et
1087 4102 1246 4174 amictam
1276 4114 1422 4175 nostm
1453 4101 1621 4176 civitatis,
1685 4099 1783 4173 Haec
1805 4126 1888 4174 cnm
1915 4101 2020 4178 robis
2154 4101 2159 4108 ’

40 4218 177 4292 gestum
195 4221 300 4301 coget
311 4209 543 4300 respondere.
594 4205 755 4278 Proinde
774 4231 820 4278 ue
844 4207 911 4280 iste
933 4206 971 4275 vi
1022 4206 1234 4294 ostendero,
1259 4205 1413 4298 rogabo,
1438 4203 1475 4274 id
1495 4206 1595 4300 quod
1611 4203 1866 4300 aequissimum
1883 4219 1956 4292 est,
1978 4219 2022 4280 ut

40 4316 118 4393 itur,
143 4323 179 4381 et
193 4324 236 4382 ut
251 4337 316 4384 vos
330 4311 430 4404 prins
445 4322 558 4380 totam
574 4333 651 4380 rem
668 4311 909 4402 cognoscatis,
935 4322 972 4382 et
1021 4305 1114 4382 mihi
1133 4307 1379 4382 assentiamini
1404 4307 1523 4401 primo
1541 4320 1706 4401 tempore
1727 4311 1884 4403 turpiter
1905 4311 1952 4382 ab
1974 4332 2019 4382 ee

40 4429 95 4498 ego
110 4411 326 4485 satisfaciam
349 4439 431 4488 cum
452 4412 648 4498 indicibus,
681 4425 759 4485 tum
782 4413 861 4486 aliis
885 4413 971 4484 civi-
1022 4413 1284 4507 rempublicam
1299 4409 1587 4486 administratam
1604 4435 1695 4486 esse.
1743 4413 1882 4507 Sequar
1897 4426 2019 4486 entem

40 4529 108 4581 tac
126 4514 294 4602 Graecis,
337 4517 401 4612 qui
433 4515 604 4588 audiendi
632 4511 738 4589 huius
766 4515 971 4590 certaminis
1022 4516 1062 4586 in
1086 4518 1270 4588 nermedo
1290 4539 1373 4587 eum
1395 4515 1584 4603 ordinem,
1624 4537 1731 4612 quem
1752 4517 2021 4612 subsequentes,

40 4631 82 4681 us
109 4639 178 4688 nos
199 4619 448 4701 circumstant;
485 4618 591 4690 video
624 4633 744 4692 autem
774 4621 896 4715 plures
924 4621 971 4691 ad
1017 4619 1190 4692 facillime
1215 4617 1430 4713 intelligetis»
1450 4620 1595 4703 omnia,
1641 4619 1742 4714 qnod
1767 4619 1896 4692 ordine
1922 4635 2022 4716 gesta

40 4712 233 4793 ciudicium
249 4721 478 4806 confluxisse,
506 4745 615 4816 quam
630 4745 792 4818 unquam
817 4737 904 4796 ante
925 4725 970 4796 ad
1020 4733 1118 4796 sunt
1169 4722 1364 4796 Decretum
1386 4721 1529 4818 scripsit
1543 4717 1786 4809 musaeo,
1810 4724 1918 4796 licere
1934 4723 2022 4799 Phi·

40 4837 93 4886 um
109 4821 223 4896 aliud:
249 4827 472 4921 respondeo,
496 4849 556 4896 me
573 4826 736 4898 omnium
753 4841 971 4922 temporum,
1022 4824 1124 4920 lippo
1139 4820 1210 4900 hue
1224 4828 1362 4920 legatos
1375 4825 1519 4898 mittero
1532 4823 1682 4920 paciset
1695 4828 1876 4904 societatis
1887 4829 2021 4902 lacien-

40 4937 76 4986 tc
95 4925 258 5015 partiris,
291 4928 439 5003 consilia
461 4923 736 5022 reprehendere.
795 4927 843 5003 Et
864 4931 895 5005 si
909 4930 971 5001 Dii
1022 4929 1091 5001 dae
1110 4953 1228 5005 cama.
1258 4929 1454 5003 Accusatus
1469 4926 1899 5020 estsutsmPhilucrates,
1923 4935 2023 5032 qnod

40 5017 114 5108 ltut,
137 5041 173 5099 et
186 5029 319 5106 iudices
334 5055 400 5105 nos
414 5032 511 5104 iuxta
531 5032 690 5118 audient,
715 5046 751 5104 et
765 5057 833 5128 ego
847 5035 969 5106 omnia
1023 5034 1259 5127 coutraleges
1273 5034 1467 5128 scripserit.
1518 5032 1611 5107 Cum
1625 5036 1781 5110 venisset
1794 5035 1918 5108 iudicii
1929 5051 2022 5110 tem-

40 5135 98 5194 ste
112 5134 264 5226 turpiter
278 5137 372 5208 iacta
390 5159 674 5206 commemorare
688 5149 838 5230 potero,
864 5158 970 5232 spero
1022 5160 1111 5231 pus,
1137 5151 1321 5216 accusator
1337 5150 1417 5210 erat
1429 5135 1606 5233 Lycinna,
1631 5133 1857 5212 Philocrates
1873 5127 2019 5215 sermm

40 5227 169 5344 tidem
186 5237 365 5317 lse'turnm
390 5261 464 5312 esse
481 5237 677 5312 iudicibus:
710 5239 807 5315 Deos
822 5243 969 5338 quiden
1022 5240 1183 5327 dicebat,
1223 5243 1422 5338 aderatque
1450 5241 1485 5315 ei
1512 5236 1788 5315 Demosthenes.
1852 5243 2019 5318 Tandem

40 5324 90 5398 bts
103 5335 381 5415 salutis-sutores
396 5341 524 5426 unns,
555 5343 620 5437 qui
640 5345 885 5418 calamitatum
904 5367 970 5418 no·
1023 5343 1209 5419 absolutus
1233 5358 1286 5419 est
1300 5343 1537 5420 Philocrates.
1587 5346 1719 5442 Postea
1740 5356 1910 5440 praetore
1923 5347 2021 5424 uhe-

45 5440 215 5522 Mamm,
236 5460 345 5530 orsu.
366 5461 453 5529 von
475 5458 583 5528 xvr1.
1453 5444 1507 5522 at
1656 5461 1662 5474 '
