4676 5802
48 199 172 286 100⁶·
302 201 410 278 nu.
447 199 849 278 mmarnuuamo
874 149 1174 278 animosus
1197 198 1263 278 ax
1288 201 1586 312 rmermms
1610 199 1834 284 amaon.
1928 267 1931 272 .
1988 211 2090 288 mm

50 392 209 456 mentum
233 375 607 456 Lacedaemoniorum
640 377 732 452 dans
761 375 1042 469 magistratibus,
1094 375 1269 462 siderate,
1303 401 1396 474 quae
1425 375 1457 450 si
1481 385 1563 458 cum
1587 371 1753 454 oratione
1775 397 1994 475 congruens,
2025 382 2091 469 hp.

50 488 123 560 tore
140 483 294 566 liberos,
315 480 519 577 quicunque
536 504 572 552 se
588 475 935 556 mihiadiunxeriut.
967 479 1044 554 Nec
1093 477 1223 552 bebitis
1237 479 1411 556 illustrem
1429 481 1754 568 confirmationem,
1772 507 1840 558 nos
1855 481 1948 568 nibil
1956 489 2091 570 bande

51 588 187 681 agimus
201 581 290 670 huc,
313 597 358 658 ut
374 585 410 654 vi
427 597 491 656 aut
504 585 631 656 fraude
654 605 856 678 oppressos,
871 607 935 654 vos
959 605 1044 654 con·
1095 603 1221 676 agere,
1245 583 1308 656 sed
1322 583 1522 681 aequaliter
1538 585 1699 680 subque
1715 587 1912 664 commen.

51 705 103 764 tra
127 689 219 762 alios
242 689 436 773 dommus,
467 688 531 760 sed
554 699 597 763 ut
617 687 796 782 oppressis
818 710 924 780 opem
951 686 1043 790 fera·
1196 683 1261 756 Sin
1284 699 1404 760 autem
1428 683 1517 760 baec
1541 711 1598 778 me
1622 702 1848 784 proponente
1861 689 2000 776 ᾱὶεἰὶῐε,
2024 717 2091 774 ens

52 819 139 868 mus.
192 790 284 864 Cum
306 790 418 883 igitur
440 803 541 862 tanto
563 791 767 864 iuramento
790 813 848 860 me
873 787 1044 881 obligem,
1095 781 1300 866 iuramento
1321 791 1497 884 obligatos
1517 787 1816 879 Atheniensibus,
1844 807 2007 869 nomam
2032 821 2091 871 ω.

50 897 161 970 nolim
179 918 400 990 quemquam
424 895 468 966 de
492 917 551 965 me
570 917 670 968 secus
685 892 877 987 suspicari,
904 915 970 972 nec
985 914 1044 962 ve·
1096 885 1261 962 rietatem
1278 891 1467 964 admittere
1487 916 1564 967 nnn
1579 919 1703 990 posse,
1727 899 1790 969 sed
1803 892 1896 974 nibil
1919 921 1985 970 vos
2004 923 2091 978 con-
2163 953 2167 961 .

49 999 109 1070 lim
132 998 248 1077 videri
267 1021 344 1070 non
366 1020 471 1091 posse
492 997 682 1070 defendere
706 1021 792 1082 eos,
833 995 897 1091 qni
920 992 1046 1068 confisi
1097 1001 1154 1059 tra
1174 1015 1243 1066 nos
1263 992 1421 1068 facturos
1442 1019 1536 1080 esse,
1571 1011 1608 1068 et
1628 1011 1770 1094 petere,
1803 1010 1846 1074 ut
1867 1001 2091 1080 discedemus

48 1103 149 1176 nobis
164 1127 241 1190 sese
259 1099 538 1174 coniunxisseut.
695 1139 702 1150 ι
1095 1093 1199 1168 vobis
1214 1094 1366 1184 illaesis,
1389 1109 1425 1168 et
1439 1097 1578 1185 dicitis,
1602 1101 1719 1174 videri
1733 1103 1856 1188 vobis,
1879 1129 1948 1178 nos
1962 1104 2093 1199 afferre
2163 1155 2169 1173 ,

149 1204 190 1276 si
210 1203 295 1300 quis
308 1217 429 1278 autem
449 1202 618 1298 privatim
640 1196 711 1274 hnc
725 1200 872 1286 metuit,
896 1225 943 1271 ne
959 1198 1046 1270 civi-
1095 1197 1335 1290 periculosam
1362 1201 1586 1288 libertatem,
1627 1215 1663 1275 et
1684 1205 1906 1281 offerendam
1933 1231 2009 1282 esse
2033 1209 2091 1295 iis,

52 1319 158 1380 tatem
174 1308 379 1380 conuariae
391 1306 540 1378 factioni
553 1307 716 1389 tradam
737 1306 767 1378 is
783 1303 937 1376 maxime
955 1297 1046 1374 mihi
1098 1298 1162 1396 qui
1190 1314 1341 1396 possunt
1370 1329 1449 1378 eam
1481 1303 1662 1399 recipere,
1695 1306 1828 1384 invitos
1854 1333 1930 1384 non
1964 1335 2093 1406 engen.

51 1411 217 1486 cnnbdat.
272 1409 360 1484 ,Non
383 1409 480 1482 enim
508 1409 638 1494 venio,
670 1420 712 1482 ut
741 1408 837 1482 ullas
870 1406 1044 1478 sactiones
1097 1403 1164 1476 dos
1189 1428 1264 1478 esse
1280 1407 1327 1478 ad
1346 1431 1424 1478 eam
1447 1407 1711 1501 recipiendam:
1746 1424 1854 1486 testes
1875 1413 1969 1486 facio
1991 1413 2089 1490 Deos

51 1514 282 1598 confirmem,
307 1526 345 1585 et
366 1537 516 1606 augeam
539 1510 751 1596 seditiones,
776 1535 844 1582 nec
866 1507 1045 1580 existima·
1097 1516 1133 1576 et
1163 1501 1295 1580 heron
1328 1503 1460 1586 harum
1491 1510 1704 1604 regionum,
1743 1518 1862 1610 quod,
1907 1541 1987 1590 cum
2022 1521 2094 1596 uti·

50 1640 125 1688 rem
141 1627 259 1690 tutam
271 1617 352 1690 wiure
365 1616 581 1701 libertatem,
598 1613 629 1688 si
644 1614 778 1686 omisso
794 1611 913 1708 patrio
929 1635 1046 1698 more,
1096 1606 1207 1684 litatis
1227 1623 1377 1686 vestrae.
1393 1637 1498 1686 causa
1521 1615 1706 1702 venerim,
1739 1632 1858 1692 vestra
1890 1621 1995 1714 culpa
2016 1623 2091 1708 bat,

51 1731 112 1790 eut
127 1718 327 1814 populum,
357 1731 423 1793 aut
444 1717 625 1813 principes
650 1716 849 1810 redigerem
872 1715 912 1786 in
934 1715 1045 1789 servi·
1097 1713 1196 1807 quod
1224 1709 1338 1787 bostis
1371 1740 1447 1796 esse
1475 1741 1612 1811 cogor,
1660 1743 1797 1816 vosque
1826 1745 1997 1814 agrorum
2026 1721 2127 1818 po·⁴

49 1835 172 1896 tutem.
230 1820 326 1896 Nam
351 1822 413 1894 illa
438 1822 634 1894 domestica
659 1813 862 1896 facuonum‘
880 1817 1045 1892 domina·
1096 1814 1282 1908 pulatione
1312 1841 1437 1913 cogam
1460 1822 1507 1891 ad
1528 1819 1755 1908 societatem,
1789 1849 1862 1920 qua
1883 1825 1988 1898 inre
2015 1850 2092 1900 nnn

49 1923 118 2010 tio,
143 1923 286 1998 tristior
307 1937 361 1998 est
379 1925 572 2019 peregrino
595 1921 770 2018 imperio,
796 1935 832 1994 et
856 1921 961 1995 nobie
974 1919 1045 1994 La·
1096 1917 1227 1992 iniuste
1252 1945 1357 2013 qam
1384 1935 1535 2017 propter
1567 1925 1657 2002 duas
1673 1949 1815 1999 causas:
1852 1927 2011 2021 primum
2044 1953 2091 2006 ne

51 2027 289 2101 maemoniis
304 2052 381 2100 non
396 2029 587 2100 deberetur
607 2026 722 2120 gratia
746 2050 815 2121 pro
837 2023 970 2098 nostris
993 2025 1045 2096 la·
1096 2017 1376 2096 Lacedaemonii
1400 2027 1534 2098 danum
1566 2027 1793 2115 afficiantur,
1833 2053 1915 2102 cum
1942 2055 2006 2102 vos
2030 2057 2094 2126 pe-

48 2131 218 2217 boribus,
243 2132 307 2203 sed
331 2130 453 2226 potius
474 2155 541 2225 pro
557 2123 698 2202 bonore
716 2142 752 2201 et
768 2128 883 2222 gloria
901 2151 1043 2200 accusa·
1097 2124 1202 2196 cunia
1224 2122 1460 2202 Athenienses
1481 2129 1670 2213 iuvabitis;
1710 2132 1841 2212 deinde
1861 2157 1908 2205 ne
1934 2143 2094 2210 caetero·
2225 2199 2233 2210 .

48 2235 117 2321 tio,
146 2235 179 2308 si
200 2232 352 2306 erimina
375 2229 591 2308 haberemus
615 2233 762 2318 eadem,
803 2255 897 2328 quae
920 2229 1045 2302 obiici·
1096 2251 1179 2300 rum
1195 2223 1417 2306 Graecorum
1431 2232 1597 2307 liberatio
1613 2233 1844 2328 impediatur.
1893 2235 1979 2312 Non
1995 2238 2093 2311 enim

46 2363 126 2410 mus
147 2333 450 2424 Atheniensibus,
483 2336 687 2433 etquidem
711 2359 755 2408 eo
779 2335 925 2429 peiora,
959 2333 1043 2430 quia
1096 2333 1326 2419 conveniret,
1364 2359 1432 2410 nos
1463 2335 1566 2410 vobis
1597 2361 1766 2431 parcere,
1808 2363 1890 2412 cum
1920 2340 2094 2418 iuvaretie
2172 2420 2174 2428 ,

48 2440 99 2512 illi
127 2465 174 2512 ne
214 2439 362 2538 quidem
401 2442 618 2534 profitentur
655 2464 693 2512 se
721 2437 899 2512 libertatis
931 2459 1044 2512 asser-
1096 2429 1242 2521 hostes,
1280 2459 1347 2508 nec
1378 2438 1549 2514 debemus
1588 2439 1712 2514 invitis
1750 2439 1908 2514 tribuere
1945 2443 2094 2520 liberta-

47 2555 140 2618 tnres
167 2569 255 2618 esse.
319 2543 479 2637 Turpius
509 2556 563 2618 est
592 2538 796 2638 wimbis,
839 2541 903 2638 qui
931 2540 1045 2634 impe-
1097 2549 1190 2625 tem,
1214 2538 1388 2614 nothoni
1401 2541 1535 2635 publici
1549 2565 1668 2616 causa.
1717 2541 1809 2616 Cum
1827 2544 1923 2616 euim
1936 2570 2093 2642 nonsp-

47 2649 101 2720 ria
129 2659 280 2732 tenent,
315 2646 481 2720 insidiari
507 2641 660 2718 honesto
688 2657 894 2740 praetextu,
934 2667 1045 2740 quam
1097 2655 1261 2736 petamus
1281 2643 1595 2732 dominationem,
1619 2647 1682 2720 sed
1705 2645 1797 2721 alios
1813 2650 1985 2725 servitute
2000 2649 2092 2726 libe·

49 2752 237 2824 manifesta
263 2749 436 2824 violentia
455 2749 522 2823 uti.
580 2749 674 2824 Nam
701 2747 874 2820 violentia
901 2745 1046 2818 videtur
1096 2768 1237 2831 remus,
1252 2745 1377 2829 iniusti
1393 2771 1571 2834 essemus,
1585 2748 1628 2836 si,
1650 2771 1732 2822 cum
1749 2749 1901 2826 velimus
1915 2752 2094 2828 universis

47 2855 101 2928 ius
119 2851 255 2928 babere
284 2867 436 2950 propter
455 2853 654 2948 potentiam
680 2874 701 2923 a
734 2853 881 2928 fortuna
909 2851 1046 2935 datam,
1091 2849 1247 2920 'reddere
1261 2850 1490 2938 libertatem,
1516 2850 1619 2924 vobis
1637 2846 1913 2946 prohibentibus
1925 2877 2094 2954 parcere·

48 2960 108 3030 sed
123 2960 224 3030 fraus
241 2969 382 3032 tantum
398 2958 444 3030 ab
463 2955 639 3028 iniustitia
659 2954 787 3029 oritur.
836 2954 937 3026 Adea
952 2953 1045 3026 mul-
1096 2975 1189 3024 mus.
1240 2951 1351 3026 Recte
1366 2954 1478 3048 igitur
1494 2955 1708 3041 deliberate,
1732 2969 1771 3028 et
1791 2957 1929 3032 studete
1944 2960 2094 3034 Graecis

48 3074 121 3132 tam
147 3059 504 3156 circumspectionem
526 3059 566 3130 in
589 3059 697 3132 rebus
726 3055 912 3142 maximis,
952 3079 1045 3154 quae
1096 3052 1241 3128 initium
1265 3058 1455 3130 ostendere
1478 3056 1676 3144 libertatis,
1707 3071 1744 3130 et
1767 3071 1933 3132 aeternae
1954 3064 2092 3156 gloriae
2194 3091 2197 3100 ·

47 3165 94 3236 ad
105 3189 173 3236 nos
188 3164 390 3258 pertinent,
416 3159 648 3246 adhibemus,
669 3183 821 3256 cumque
839 3159 1044 3232 iuramento
1098 3158 1312 3232 memoriam
1328 3161 1427 3254 apud
1444 3173 1604 3235 caeteros
1626 3163 1828 3254 deponere,
1854 3174 1890 3235 et
1909 3167 2012 3240 vobis
2033 3191 2092 3242 res

41 3291 113 3342 nos
133 3256 398 3358 obligavimus,
423 3279 549 3361 postea
571 3265 680 3338 etiam
701 3265 795 3336 sacta
817 3275 941 3337 nostra
959 3287 1046 3334 eon·
1068 3215 1076 3319 l
1097 3273 1234 3336 vestm
1249 3285 1331 3336 cum
1348 3264 1454 3338 laude
1467 3287 1623 3341 servare.

913 3543 985 3556 mut·
996 3547 1037 3555 ⁴0⁸·-
1051 3547 1061 3556 ι

324 3773 363 3852 ε.
411 3761 829 3846 ocerannus
871 3715 1326 3856 curararum
1371 3764 1806 3848 ruucrurors

242 3903 536 3972 CONVBRSAB
568 3901 618 3965 ΙΝ
654 3901 880 3966 LATINUM
915 3899 1188 3964 SERMONBM
1221 3903 1247 3963 Δ
1282 3899 1509 3964 PHILIPPO
1543 3903 1888 3968 HELAN'PHONE.

324 4078 489 4153 Oratio
515 4075 676 4151 Niciae
692 4071 755 4174 ⁴⁸).
1096 4085 1133 4144 et
1146 4084 1229 4145 meo
1244 4072 1390 4167 corpori
1405 4073 1526 4148 minus
1539 4088 1662 4168 metuo
1677 4101 1787 4172 quam
1804 4078 1886 4161 aiii;
1911 4079 1974 4153 sed
1997 4078 2092 4150 iudi·

146 4217 225 4291 Eup
248 4239 345 4290 nunc
371 4215 412 4285 in
443 4214 654 4286 concionem
684 4207 803 4282 vocati
823 4231 967 4294 mmm,
1000 4221 1041 4280 u,
1094 4199 1137 4246 co
1159 4177 1296 4249 bonum
1320 4176 1435 4248 civem
1451 4178 1560 4248 etiam
1576 4201 1662 4250 suae
1677 4179 1774 4252 vitae
1788 4193 1825 4254 ot
1838 4183 2007 4256 somunae
2025 4183 2087 4264 de·

46 4323 263 4394 deliberetur
286 4322 330 4391 de
360 4331 538 4414 apparatu
564 4312 805 4408 navigationis
833 4323 978 4384 nostrae
1001 4311 1041 4382 in
1092 4279 1179 4351 bele
1207 4279 1412 4366 ⁶⁰⁰⁸¹¹l⁸²⁰2
1439 4279 1596 4376 ΜΨ
1627 4306 1715 4355 ”0⁸⁰
1748 4283 1856 4356 ‘alulfi
1890 4285 2086 4376 communi·

44 4427 224 4513 Siciliam,
256 4437 380 4494 tamen
408 4417 501 4493 mihi
524 4415 594 4491 boc
614 4419 732 4512 ipsum
755 4414 856 4511 prius
879 4415 1041 4487 conside·
1308 4485 1317 4503 ‚
1561 4487 1570 4504 ι
1633 4485 1644 4504 .
1984 4490 1993 4508 ι

46 4532 201 4603 randum
224 4527 392 4612 uidetur,¹
419 4526 512 4597 sitne
533 4522 708 4594 mittenda
731 4519 851 4594 classis
874 4530 1039 4591 autnon.
1092 4511 1203 4582 ‘imm
1226 4487 1445 4608 “quibima
1475 4511 1597 4607 ‘ulma
1632 4499 1683 4558 Ψ·
1706 4501 1744 4560 ‘i
1769 4513 1866 4567 ΜΠ(
1887 4515 1928 4562 ⁰³
1956 4493 2088 4580 dmm,

45 4632 119 4706 Nec
149 4647 224 4706 tam
256 4631 372 4704 subita
398 4627 656 4700 deliberatione
678 4625 851 4696 derebus
873 4621 1040 4696 maximis
1091 4614 1185 4685 <1¹¹st
1201 4603 1399 4726 feflmfflli
1416 4613 1490 4662 ΝΕ
1505 4601 1635 4726 ὓθῦξῑίῖ·

46 4739 272 4810 statuendum
288 4756 517 4817 assessurae,
534 4729 695 4804 auditisa
710 4725 911 4821 peregrinis
922 4721 1040 4796 homi·
1192 4707 1274 4780 Sero
1288 4708 1397 4780 talem
1407 4731 1488 4782 ease
1501 4709 1740 4832 cupiditatem
1758 4723 1934 4798 vernam,
1959 4727 2001 4788 ut
2022 4737 2086 4810 ps-

47 4841 152 4915 nibus
168 4841 237 4938 ⁸⁸),
271 4851 313 4910 ut
340 4837 474 4909 bellum
499 4857 575 4904 non
599 4833 838 4904 necessarium
863 4828 1039 4922 suscipia-
1089 4834 1171 4882 ΝΜ
1194 4811 1315 4887 ΎθῙθὸῑ
1335 4811 1522 4886 ¹⁰⁰d⁰²⁸l⁸
1547 4825 1687 4898 0¹³l¹⁰s
1709 4837 1742 4886 ⁸¹
1755 4814 1894 4902 (licam,
1917 4835 2087 4911 praecona

46 4969 137 5020 mm,
187 4937 281 5015 Mihi
304 4941 450 5040 quidem
475 4935 565 5010 hm
593 4934 771 5031 expeditio
794 4933 949 5028 glorio„
973 4944 1038 5020 m,
1089 4912 1139 4986 tia
1153 4913 1341 4988 retinenda
1366 4937 1461 5002 esse,
1476 4939 1553 5035 ‘nec
1577 4929 1728 5010 propter
1748 4916 1884 4992 incerta
1906 4934 1942 4991 et
1962 4921 2083 4993 futura

1089 5029 1222 5092 statum
1235 5029 1459 5112 praesentem
1474 5041 1513 5088 m
1526 5019 1719 5093 discrimen
1732 5022 1982 5094 adducendum
1997 5047 2084 5098 esse.

81 5181 130 5251 43)
149 5175 337 5246 mmm,
350 5175 459 5229 μη
1088 5119 1233 5194 Omisso
1256 5121 1366 5215 igitm
1389 5115 1460 5193 hnc
1477 5124 1665 5195 moderato
1683 5125 1855 5211 consilio,
1882 5127 2083 5212 ostendam,

81 5267 129 5336 εε)
158 5265 261 5320 mnus
288 5260 446 5329 menon
467 5251 636 5323 tenutam]
660 5253 703 5308 eto
724 5253 776 5306 re.
791 5253 866 5308 stes.
893 5251 923 5306 tn
940 5257 1034 5311 eom.
1088 5249 1154 5295 nec
1179 5225 1389 5319 tempestive
1407 5247 1545 5297 novum
1565 5225 1700 5300 bellum
1724 5227 1884 5314 morem,
1915 5252 1983 5300 nec
2005 5253 2084 5302 rem
2188 5232 2190 5238 '

114 5339 213 5404 genn·
236 5317 1036 5398 :cureyolvdodrsvilloodl·nuu0⁰s1me;tn
1086 5326 1225 5398 facilem
1260 5329 1356 5418 lore,
1390 5327 1552 5400 obtinere
1581 5327 1664 5415 illa,
1695 5330 1861 5427 adquae
1891 5333 2085 5412 tendimus.

110 5403 325 5530 {mmmm
347 5403 374 5454 r.
388 5401 410 5454 t.
433 5399 559 5466 testiurg
594 5395 696 5450 'mm'
719 5405 739 5446 ⁸
764 5395 922 5460 ”mm
945 5398 1037 5460 Μ’
1088 5429 1147 5504 sic
1165 5431 1263 5504 enim
1281 5433 1499 5518 retinemur,
1523 5457 1606 5506 cnm
1621 5423 1680 5503 bie
1693 5431 1958 5510 multoshostes
1974 5436 2085 5532 relin-

1087 4381 1142 4460 ,Ut
1166 4395 1285 4456 antem
1312 4395 1417 4457 antea
1439 4379 1533 4454 nibil
1552 4383 1625 4454 mei
1638 4379 1788 4459 honoris
1805 4411 1933 4474 causa,
1960 4400 2085 4464 centn
2191 4439 2193 4444 -
