4582 5798
6 213 72 286 ue
167 207 324 284 mmo
374 203 1064 322 amarmurmomuoms
1084 203 1301 280 cremor
1327 205 1528 310 omrem
1552 211 1865 294 neocesreu.
1970 205 2058 300 ore·

100 381 219 454 Miror
233 395 354 454 autem
370 383 564 455 advocetm
577 381 840 480 Ireocratirn),
867 402 938 476 qua
957 405 1009 452 se·
1047 380 1298 472 professionum
1321 383 1513 454 ostentatio
1524 393 1542 456 :'
1559 399 1682 458 minen
1697 389 1831 464 nullius
1847 403 1946 464 tanta
1963 407 2048 468 sunt

6 487 228 558 amatione
268 508 407 578 poenas
445 506 615 562 evasuros
655 510 729 557 ease
764 485 997 568 arbitrentur,
1048 483 1240 580 beneficia,
1272 497 1316 555 ut
1340 487 1476 578 gratiae
1499 489 1580 560 loco
1603 492 1808 582 proditores
1829 495 1861 563 ei
1885 497 2048 569 donandi

6 614 87 660 sum
102 600 255 682 propter
271 587 493 660 amicitiam?
545 587 626 682 Ego
644 613 731 660 vero
752 583 820 660 bos
839 611 916 656 non
935 610 997 656 ve·
1047 585 1137 667 sint;
1163 611 1229 656 nee
1243 588 1433 684 quisquam
1449 593 1540 662 adeo
1555 617 1679 665 amens
1695 608 1766 681 est,
1791 610 1850 683 ot,
1875 623 1956 671 cum
1972 602 2048 693 glo·

6 691 81 777 ria,
122 693 185 764 sed
215 703 376 762 exuemo
404 691 580 786 supplicio
602 691 733 785 dignor
761 715 835 763 esse
858 712 998 772 censeo,
1048 687 1103 758 rie
1126 688 1166 758 iu
1187 691 1304 781 petria
1325 717 1389 763 sua
1413 706 1449 763 et
1473 693 1568 766 inter
1590 696 1683 768 cives
1706 701 1917 772 antecellere
1949 705 2051 789 velit,

6 796 98 890 [nod
122 795 245 888 palam
264 817 302 865 se
323 794 388 864 isti
405 795 617 887 adiungunt.
672 794 766 866 Nam
786 806 869 865 ante
885 791 999 866 scelus
1050 804 1174 862 tamen
1186 792 1230 863 iis
1244 794 1381 878 faveat,
1408 795 1472 890 qni
1494 799 1613 868 sedem
1637 800 1772 892 gloriae
1795 803 1906 895 ipsius
1931 808 2051 878 delere
2122 866 2125 874 Δ

6 898 195 985 reomatis,
207 897 333 1018 proles
344 911 473 984 essem,
487 899 724 984 nesciebatur,
736 921 834 968 nunc
847 905 1000 978 constat,
1050 893 1254 990 volunt¹⁶)‚
1279 895 1350 967 nisi
1364 897 1434 968 alia
1451 899 1538 992 ipsi,
1561 903 1629 972 alia
1648 893 1789 997 patriae
1805 910 2023 981 conducunt.

6 1027 86 1072 :um
102 1001 141 1072 iu
155 999 312 1070 amicitie
331 995 489 1072 bominis
502 1000 664 1074 scelerati
682 1013 831 1094 propter
855 1019 1000 1070 morum
1153 995 1232 1068 Etsi
1247 1011 1366 1070 autem
1389 1025 1466 1070 non
1488 1004 1657 1076 usitatum
1683 1021 1755 1094 est,
1785 1009 1823 1078 in
1845 1035 2050 1083 consessum

6 1103 274 1175 similitudinem
288 1119 517 1195 *permanent
577 1105 700 1199 Quare
723 1107 823 1197 prius
844 1127 883 1184 se
901 1102 1000 1195 ipsos
1051 1099 1209 1172 iudicum
1234 1103 1412 1173 adducere
1437 1107 1606 1199 coniuges
1629 1122 1664 1178 et
1686 1109 1895 1211 liberos¹'),
1928 1127 2052 1185 tamen

6 1209 218 1292 defendant,
244 1231 353 1301 quam
372 1202 468 1279 hunc
485 1233 586 1278 reum
600 1206 761 1300 periculo
774 1207 941 1278 liberent.
1051 1202 1090 1271 in
1106 1203 1239 1273 iudicio
1256 1206 1474 1297 proditionis
1490 1212 1589 1302 pium
1616 1225 1708 1282 esset-
1727 1239 1787 1286 eos
1810 1215 1984 1304 assidere,
2010 1231 2058 1289 ut.
2094 1285 2097 1295 ,

102 1310 273 1382 Arbitror
288 1323 408 1380 autem
423 1324 459 1380 et
475 1324 615 1403 patrem
637 1310 749 1402 ipsius
769 1307 1000 1380 durissimum
1052 1320 1261 1400 conspectus
1277 1310 1470 1403 coniugum
1486 1326 1521 1382 et
1532 1313 1751 1403 liberorum,
1778 1343 1933 1412 quorum
1946 1344 2052 1413 prae-

6 1413 71 1504 psi
85 1413 242 1485 iudicem
259 1437 350 1498 esse,
377 1415 408 1486 si
424 1413 640 1509 quiererum
656 1425 862 1485 nostrarum
877 1435 1002 1483 sensus
1053 1408 1198 1502 cipuum
1227 1411 1352 1484 fuisset
1378 1415 1599 1506 periculum,
1640 1443 1838 1515 eorumque
1868 1423 2054 1496 miseratio

6 1529 52 1586 ‚et
71 1516 114 1586 in
127 1515 300 1600 metuis,
324 1518 421 1611 quod
438 1530 592 1590 statuam
607 1517 677 1610 ipsi
690 1516 845 1608 positam
858 1516 897 1586 in
911 1526 1001 1584 tem·
1052 1525 1190 1584 mentes
1213 1512 1371 1586 iudicum
1395 1518 1441 1586 ad
1462 1518 1631 1592 dicendas
1647 1523 1844 1595 severiores
1859 1527 2058 1598 sententias*

6 1618 61 1688 »lo
85 1617 182 1691 lovis
204 1617 406 1697 Servatus-is
432 1621 608 1704 deseruit,
639 1643 680 1690 ac
704 1615 866 1691 hostibus
886 1617 1000 1710 impio
1053 1617 1272 1692 accenderet.
1325 1620 1395 1690 Sed
1410 1645 1490 1693 cum
1509 1645 1588 1692 eam
1609 1625 1813 1696 turbemin
1836 1628 1967 1700 iudicia
1990 1631 2053 1700 ed-

6 1723 189 1814 acrilegio
211 1723 440 1792 evertendam
464 1725 631 1819 reliquit,
665 1725 835 1817 quodque
858 1721 1002 1793 virtutis
1052 1721 1182 1791 ducere
1200 1743 1277 1790 non
1291 1722 1338 1792 sit
1351 1721 1542 1811 usitatum,
1569 1751 1705 1822 vosque
1719 1729 1880 1821 ipsorum
1902 1733 2053 1804 salutem

6 1839 176 1896 »eternae
207 1823 454 1896 testimonium
486 1825 725 1898 contumeliae
751 1849 855 1896 causa
881 1825 1003 1895 delen·
1054 1822 1092 1892 in
1108 1817 1164 1894 his
1181 1823 1322 1896 iudiciis
1343 1825 1436 1898 tueri
1461 1841 1646 1918 oporteat,
1679 1833 1802 1902 feratis
1825 1835 2055 1918 sententiam,
2102 1917 2104 1924 χ

6 1932 90 1998 lum
118 1925 280 2000 hostibus
302 1929 449 2012 obiecit;
483 1931 619 2001 dolebit
635 1930 730 2002 enim
748 1953 786 2000 se
801 1929 865 1997 lilii
883 1931 1004 2000 deser·
1053 1938 1094 1997 ut
1114 1921 1173 1995 bic
1195 1928 1362 2020 proditor
1385 1928 1639 2018 interficiatur,
1681 1947 1716 2005 et
1746 1937 1882 2008 reversi
1903 1939 2055 2008 domum

6 2031 93 2104 oris
108 2045 248 2124 petrem
269 2033 465 2104 norninari.
516 2031 673 2130 ldeoque
696 2031 800 2104 multi
824 2056 882 2101 me
906 2031 1003 2100 adie-
1055 2029 1266 2121 coniugibus
1300 2044 1336 2102 et
1366 2033 1489 2106 liberis
1523 2036 1724 2128 exemplum
1753 2040 2055 2112 commemoratis.

6 2147 90 2206 runt
116 2136 399 2226 interrogantes,
437 2161 550 2232 qnare
572 2161 649 2208 non
672 2135 919 2227 adscripserim
942 2137 1003 2204 de·
1053 2131 1229 2204 Iniustum
1247 2132 1342 2204 enim
1355 2149 1457 2219 esset,
1478 2137 1508 2208 si
1523 2138 1695 2230 pariiure
1712 2167 1793 2211 cum
1808 2143 1957 2216 caeteris
1970 2142 2056 2211 civi·

6 2252 271 2316 ertorenresse
283 2238 429 2332 paterni
444 2240 691 2325 monumenti,
724 2239 833 2332 positi
855 2237 893 2309 in
915 2239 1003 2307 aede
1055 2239 1140 2319 bus,
1173 2235 1238 2331 qui
1263 2239 1419 2330 patriam
1444 2241 1701 2329 defenderunt,
1739 2243 1859 2315 vivere
1881 2246 1989 2315 vellet
2014 2245 2058 2331 is,

6 2340 126 2412 lovis?
191 2333 332 2435 Quibus
355 2345 548 2434 respondi,
587 2367 645 2413 me
669 2366 746 2413 non
768 2342 939 2433 ignorare
966 2340 1003 2410 id
1055 2339 1120 2436 qui
1140 2339 1301 2431 primurn
1333 2342 1489 2412 deseruit
1517 2343 1718 2432 civitatem,
1753 2347 1884 2418 deinde
1913 2350 1952 2417 in
1982 2348 2057 2417 acie

6 2447 119 2516 veelus
136 2445 344 2538 gravissima
360 2471 477 2538 poena
493 2448 641 2541 dignum
658 2469 745 2530 esse,
771 2446 833 2516 sed
846 2442 1006 2515 uoluisse
1055 2466 1132 2513 uon
1160 2441 1364 2527 dimicavit,
1399 2458 1582 2538 postremo
1613 2472 1678 2518 nec
1709 2451 1854 2520 moenia
1887 2451 2058 2524 defendit.

6 2574 60 2620 ne
91 2548 131 2618 in
161 2549 386 2620 accusatione
411 2551 609 2643 proditoris
636 2546 859 2620 mentionem
888 2550 1005 2618 lacere
1055 2545 1161 2618 Nunc
1177 2569 1264 2615 vero
1282 2547 1395 2630 redit,
1419 2549 1614 2632 utfruatur
1629 2551 1758 2637 sacris,
1784 2553 1857 2624 suis
1877 2554 2057 2624 facultati·

6 2650 43 2722 {o
56 2652 131 2722 vis
153 2651 434 2726 Servetoris.
493 2651 576 2726 Illos
592 2678 679 2724 vero
695 2653 810 2744 magis
831 2651 1006 2736 admiror,
1055 2650 1143 2733 bus,
1170 2649 1271 2732 foro,
1296 2649 1453 2742 legibus,
1485 2652 1602 2722 forma
1628 2654 1867 2748 reipublicae,
1900 2680 2056 2752 quaene

6 2755 70 2852 pui
88 2755 189 2826 nulla
201 2755 463 2827 necessitudine
477 2757 703 2849 cognationis
712 2753 778 2850 ¹⁸),
805 2766 868 2854 aut
884 2751 1007 2824 amici·
1058 2753 1284 2836 delerentur,
1316 2751 1378 2820 alii
1394 2753 1487 2826 cives
1503 2755 1601 2827 mille
1620 2759 1665 2830 ad
1681 2752 1930 2830 Chaeroneam
1947 2759 2059 2843 inter·

6 2860 77 2930 iae
96 2883 177 2930 cum
193 2883 238 2928 eo
252 2858 454 2944 coniuncti,
480 2864 543 2933 sed
557 2862 721 2931 mercede
737 2857 923 2942 conducti,
946 2859 1008 2926 de·
1056 2855 1140 2925 fecti
1167 2867 1269 2941 sunt,
1308 2881 1399 2950 quos
1430 2856 1554 2929 civitas
1581 2861 1725 2950 publico
1752 2862 1877 2932 funere
1907 2861 2059 2954 sepeliit,

7 2966 161 3052 'endunt
176 2961 465 3057 omnesreosu).
517 2963 668 3037 Constat
684 2961 780 3034 enim
805 2957 872 3032 bos
893 2973 1007 3030 estre·
1058 2981 1215 3055 quorum
1237 2972 1472 3031 monumenta
1486 2957 1546 3030 hic
1563 2961 1699 3034 ferreus
1715 2988 1790 3051 non
1804 2965 1979 3035 reveritus
1993 2977 2059 3048 est,

7 3093 69 3138 no
88 3065 267 3160 supplicio
289 3065 417 3158 dignos
440 3091 527 3138 esse.
578 3067 673 3140 Nam
695 3065 854 3136 defensio
880 3064 1007 3134 talium
1059 3083 1253 3137 cumnune
1270 3061 1308 3128 in
1331 3061 1459 3132 urbem
1482 3063 1700 3156 ingredienti
1723 3069 1770 3138 ob
1795 3067 1918 3138 oculos
1941 3066 2060 3160 posita

7 3169 210 3240 acinorum
227 3170 369 3260 signum
385 3183 458 3257 est,
484 3192 561 3240 non
576 3171 743 3262 defugere
762 3181 823 3241 eos
836 3167 1009 3237 similium
1060 3175 1194 3244 esseut;
1228 3185 1270 3234 ac
1285 3163 1354 3234 sibi
1371 3166 1518 3235 concedi
1532 3169 1711 3260 postulat,
1744 3170 1845 3242 utin
1867 3182 2060 3264 conspectu

8 3273 245 3346 :anciliorum
263 3271 482 3348 societatem.
532 3273 617 3345 Non
634 3285 719 3344 sunt
740 3283 859 3350 autem
880 3270 1009 3340 conbe-
1059 3267 1321 3352 vivateorum,
1346 3268 1410 3363 qui
1426 3281 1577 3362 propter
1591 3270 1741 3344 amissos
1756 3273 1870 3359 filios,
1896 3273 2061 3358 maritos,

8 3378 137 3450 nandi
150 3377 244 3448 cives
260 3388 384 3456 contre
400 3402 482 3461 vos,
510 3379 571 3448 sed
587 3375 775 3470 pro-vobis
790 3385 826 3444 et
840 3397 907 3466 pro
923 3371 1010 3464 legi·
1058 3371 1207 3454 fratres,
1232 3382 1372 3461 patres,
1399 3383 1462 3442 aut
1485 3372 1575 3445 alios
1594 3377 1839 3472 propinquos,
1865 3400 1998 3469 magno
2023 3375 2062 3444 in
2110 3371 2119 3398 ¹

8 3505 79 3554 sus
104 3493 140 3550 et
161 3505 229 3574 pro
246 3479 426 3552 libertate.
487 3480 611 3575 Aliqui
634 3503 722 3550 vero
743 3501 819 3548 non
844 3477 1010 3546 oratione
1060 3493 1228 3544 moerore
1241 3486 1343 3558 sunt,
1371 3498 1568 3569 eorumque
1585 3477 1771 3551 interitum
1789 3477 1907 3551 adhuc
1926 3481 2061 3570 lugent.

9 3585 208 3679 reprimere
225 3607 293 3654 nos
309 3596 504 3668 conantur,
530 3586 592 3654 sed
609 3581 808 3652 condonari
824 3580 892 3650 sibi
906 3604 1008 3650 reum
1165 3575 1256 3646 Cum
1271 3599 1360 3644 vero
1379 3588 1476 3667 petet
1499 3602 1537 3647 se
1558 3580 1675 3650 audiri
1699 3582 1796 3650 iuxta
1820 3581 1933 3672 leges,
1968 3603 2061 3676 quae
2162 3615 2171 3630 ι

9 3702 155 3772 retent,
186 3697 376 3782 propterea
401 3687 498 3780 quod
519 3685 734 3756 liberalitate
759 3683 920 3776 ipsorum
945 3705 1008 3752 usa
1061 3677 1203 3748 dicendi
1230 3689 1444 3770 potestatem
1476 3681 1625 3751 concedi
1645 3705 1769 3773 parem
1798 3684 1943 3778 utrique
1965 3681 2062 3775 partl

9 3799 54 3864 ‚is
72 3793 286 3886 respublica.
326 3789 392 3860 llis
406 3789 563 3862 maxime
578 3810 780 3860 succenseo.
818 3784 912 3857 Nam
929 3807 1009 3854 cum
1061 3781 1206 3861 iubent,
1231 3805 1296 3850 vos
1310 3779 1467 3851 vicissim
1488 3782 1730 3876 interrogate,
1766 3809 1921 3880 quarum
1942 3787 2061 3878 legum

9 3897 172 3970 'aemiliae
202 3918 293 3967 suae
320 3895 506 3966 ornandae
530 3915 635 3964 eausa
660 3901 823 3982 sumptus
849 3887 1011 3972 fecerint,
1062 3881 1281 3977 praesidium
1304 3881 1485 3975 imploret.
1544 3885 1642 3958 Num
1665 3912 1809 3974 earum,
1844 3915 1933 3984 quas
1956 3900 2062 3959 antea

10 4027 51 4076 so
76 3996 217 4070 bonore
231 3998 392 4070 cantanti
403 3995 495 4082 sint,
519 4020 594 4068 non
607 3993 806 4088 postulent,
832 4004 874 4063 ut
886 4015 1012 4084 respu-
1062 3984 1250 4080 prodidit?
1293 3983 1369 4058 Nec
1386 3985 1484 4057 enim
1502 3989 1625 4063 sinetis
1645 4015 1726 4063 eum
1743 3992 1838 4062 intra
1856 3989 1946 4062 haec
1964 4015 2064 4062 moe-

10 4107 105 4180 »tica
131 4101 347 4174 detrimento
369 4099 556 4172 afliciatur.
616 4097 810 4168 Donantur
831 4092 928 4164 enim
953 4118 1012 4165 eo·
1062 4090 1123 4160 nia
1154 4089 1312 4174 versari,
1352 4090 1472 4183 legum
1499 4091 1680 4166 benefieiis
1704 4119 1745 4165 ae
1767 4095 1898 4164 civium
1922 4091 2064 4165 honore

10 4234 127 4294 rona,
153 4205 183 4280 si
200 4205 263 4303 qui
279 4206 447 4279 aluerunt
459 4225 590 4298 equos,
616 4213 680 4272 aut
699 4202 803 4272 ludos
825 4197 1011 4292 splendide
1062 4195 1261 4278 fruentem,
1289 4217 1425 4264 cumea
1443 4189 1524 4264 cum
1540 4198 1689 4268 caeteris
1704 4197 1840 4268 civibus
1854 4221 1929 4266 non
1943 4199 2065 4268 defen·

11 4323 283 4412 ipparaverunt
298 4307 364 4406 1“);
403 4307 532 4379 deinde
557 4306 587 4378 si
617 4305 680 4400 qui
703 4328 813 4375 naves
837 4304 1012 4374 instruxe-
1063 4295 1169 4372 derit.
1233 4294 1272 4367 si
1295 4321 1382 4367 vero
1404 4295 1501 4370 Deos
1522 4299 1726 4386 invocabit,
1751 4301 1992 4392 interrogate,
2018 4303 2065 4370 ad

11 4432 123 4505 arnt,
146 4429 209 4490 aut
223 4414 370 4488 moenia
386 4413 606 4494 refecerunt,
636 4422 700 4480 eut
713 4407 782 4478 alia
797 4407 836 4476 in
850 4430 890 4478 re
904 4403 1013 4496 largi-
1064 4424 1155 4496 quos
1178 4399 1372 4492 confugiat.
1423 4398 1526 4480 {Num
1551 4404 1598 4472 ad
1621 4427 1701 4489 eos,
1740 4427 1897 4500 quorum
1918 4403 2068 4496 templa,

11 4552 73 4602 ‚er
96 4523 325 4595 contulerunt
347 4517 536 4614 pecuniam
558 4513 720 4609 publicae
744 4509 868 4583 salutis
895 4531 1013 4580 causa.
1064 4516 1199 4576 statuas
1221 4515 1256 4573 et
1274 4502 1375 4573 lucos
1397 4503 1582 4595 prodidit?
1645 4505 1726 4576 Erit
1753 4505 1902 4599 supplex
1928 4505 2066 4577 civibus

11 4629 95 4705 ussi
122 4624 252 4699 borum
275 4622 484 4697 liberalitati
508 4621 586 4691 laus
606 4616 795 4689 tribuenda
817 4617 891 4698 est,
930 4635 1012 4682 cum
1065 4619 1101 4678 et
1115 4607 1162 4676 ad
1174 4603 1461 4677 misericordiam
1478 4619 1633 4678 vestram
1653 4607 1843 4700 confugiet.
1904 4608 1974 4679 Sed
1998 4633 2066 4681 nec

13 4763 50 4811 n
79 4731 159 4804 aliis
180 4731 286 4804 rebus
309 4727 495 4800 inutilibus
515 4736 656 4796 tantum
682 4719 729 4792 sit
752 4714 957 4812 opulentiae
979 4727 1015 4784 et
1064 4711 1183 4804 ipsum
1200 4707 1447 4780 misericordia
1462 4711 1581 4780 debita
1603 4710 1737 4780 civitati
1754 4723 1789 4780 ct
1803 4712 1987 4782 communi
2010 4734 2067 4783 sa·

1065 4812 1133 4883 luti
1156 4811 1318 4884 retinuit.
1381 4809 1465 4881 Fiat
1493 4813 1643 4906 supplex
1665 4811 1840 4901 Rhodiis,
1881 4839 1972 4910 quos
1999 4813 2068 4885 sibi

1066 4915 1181 5008 magis
1209 4913 1410 5009 praesidio,
1451 4938 1562 5010 quam
1592 4916 1749 5010 patriam
1782 4941 1855 4990 esse
1882 4916 2067 4990 iudicavit.

12 4929 17 4934 .
34 4913 230 4932 μ

49 5005 102 5074 11)
124 5005 158 5058 11.
178 5005 199 5059 l.
216 4999 348 5054 11111111.
367 4996 459 5061 tete,
479 4993 555 5048 ttbt.
573 4993 641 5045 nota
656 4987 792 5056 asarela:
820 4986 863 5038 De
885 4981 1015 5050 moena

86 5079 118 5128 et
133 5072 279 5126 advocatis
296 5066 449 5121 resersus.
1070 5075 1276 5094 .-.....-

47 5163 104 5224 1³)
123 5163 157 5214 Ι.
174 5159 194 5214 l.
211 5157 241 5210 in
257 5155 354 5208 lucen
370 5149 543 5205 rotenses
558 5144 695 5212 marala:
719 5144 762 5196 De
778 5140 888 5194 altenis.
1102 5153 1150 5213 ιε)
1168 5153 1202 5203 fl,
1220 5152 1239 5205 t,
1257 5151 1288 5202 tn
1303 5147 1390 5200 ndltt.
1409 5149 1502 5217 tm,
1528 5151 1604 5206 teor.
1621 5155 1689 5206 rote
1706 5151 1841 5218 mereim:
1871 5152 1897 5201 Δ
1915 5147 2062 5201 conuertas

48 5253 104 5312 11)
124 5249 158 5300 ll.
175 5247 196 5301 l.
215 5244 245 5296 ln
263 5241 361 5294 lesden
378 5239 465 5292 rute.
486 5235 553 5287 nota
569 5231 703 5297 margins
734 5225 925 5292 Reprehenslo
942 5224 1016 5278 allo-
1136 5222 1171 5304 81Ι
1184 5223 1278 5272 suant
1293 5219 1428 5286 patriam,
1458 5232 1495 5271 ue
1511 5221 1641 5274 tueamur
1659 5234 1727 5290 eos,
1759 5221 1806 5286 ert
1826 5221 1892 5272 sont
1909 5217 1994 5268 erltto
2012 5227 2064 5281 pa·

90 5331 155 5370 rum
166 5299 378 5376 advocatorum,
396 5306 442 5373 qul
459 5305 564 5356 tantum
582 5301 709 5354 mercede
726 5295 852 5351 condocti
869 5296 980 5349 adsum.
1134 5294 1216 5346 triae

47 5409 103 5469 16)
122 5401 344 5469 apparaverunt]
364 5397 407 5449 ste
423 5394 501 5446 reete
516 5389 606 5446 reite.
624 5387 716 5454 tote,
741 5384 834 5451 ime
867 5383 920 5439 Ed.
940 5381 1015 5434 1111
1103 5376 1150 5438 17)
1169 5377 1202 5428 ll.
1220 5375 1239 5428 l.
1256 5375 1286 5426 tn
1301 5373 1399 5427 llsstesr
1415 5375 1501 5431 Edbt.
1520 5377 1587 5428 nota
1605 5375 1739 5440 margine
1764 5373 1909 5426 Postrema
1927 5383 1996 5436 pars
2013 5373 2067 5424 ba·

85 5473 286 5540 apparuerunt
1138 5448 1184 5499 est
1201 5447 1308 5496 onon
1324 5445 1477 5508 mtlrttcas
1494 5445 1737 5545 exaggerationes.
