<?xml version="1.0" encoding="UTF-8"?>
<!DOCTYPE html PUBLIC "-//W3C//DTD XHTML 1.0 Transitional//EN"
    "http://www.w3.org/TR/xhtml1/DTD/xhtml1-transitional.dtd">
<html xmlns="http://www.w3.org/1999/xhtml" xml:lang="en" lang="en">
 <head>
  <title>
</title>
<meta http-equiv="Content-Type" content="text/html;charset=utf-8" />
  <meta name='ocr-system' content='tesseract 3.04.00' />
  <meta name='ocr-capabilities' content='ocr_page ocr_carea ocr_par ocr_line ocrx_word'/>
</head>
<body>
  <div class='ocr_page' id='page_1' title='image "./corpusreformato16melagoog_0383.png"; bbox 0 0 4560 5792; ppageno 0'>
   <div class='ocr_carea' id='block_1_1' title="bbox 262 199 2241 296">
    <p class='ocr_par' dir='ltr' id='par_1_1' title="bbox 262 199 2241 296">
     <span class='ocr_line' id='line_1_1' title="bbox 262 199 2241 296; baseline 0.003 -18"><span class='ocrx_word' id='word_1_1' title='bbox 262 213 344 296; x_wconf 71' lang='lat'>755</span> <span class='ocrx_word' id='word_1_2' title='bbox 845 200 971 280; x_wconf 56' lang='lat' dir='ltr'>rnna</span> <span class='ocrx_word' id='word_1_3' title='bbox 1004 199 1120 278; x_wconf 73' lang='lat' dir='ltr'><strong>MEL.</strong></span> <span class='ocrx_word' id='word_1_4' title='bbox 1155 201 1361 278; x_wconf 76' lang='lat' dir='ltr'>SOElPl&#39;A</span> <span class='ocrx_word' id='word_1_5' title='bbox 1392 199 1734 280; x_wconf 79' lang='lat' dir='ltr'>PHILOLOGICA.</span> <span class='ocrx_word' id='word_1_6' title='bbox 2188 211 2241 286; x_wconf 72' lang='lat' dir='ltr'>&#39;Ab</span> 
     </span>
    </p>
   </div>
   <div class='ocr_carea' id='block_1_2' title="bbox 241 374 2263 4742">
    <p class='ocr_par' dir='ltr' id='par_1_2' title="bbox 241 374 2263 4742">
     <span class='ocr_line' id='line_1_2' title="bbox 262 374 2243 482; baseline -0.003 -22"><span class='ocrx_word' id='word_1_7' title='bbox 262 399 337 468; x_wconf 74' lang='lat' dir='ltr'>ber.</span> <span class='ocrx_word' id='word_1_8' title='bbox 386 389 465 482; x_wconf 77' lang='lat' dir='ltr'>ligo</span> <span class='ocrx_word' id='word_1_9' title='bbox 488 408 595 472; x_wconf 81' lang='lat' dir='ltr'>vero,</span> <span class='ocrx_word' id='word_1_10' title='bbox 621 404 698 452; x_wconf 92' lang='lat' dir='ltr'>non</span> <span class='ocrx_word' id='word_1_11' title='bbox 715 377 803 474; x_wconf 91' lang='lat' dir='ltr'>quid</span> <span class='ocrx_word' id='word_1_12' title='bbox 817 379 863 448; x_wconf 90' lang='lat' dir='ltr'>de</span> <span class='ocrx_word' id='word_1_13' title='bbox 879 377 1128 471; x_wconf 90' lang='lat' dir='ltr'>praesentibus</span> <span class='ocrx_word' id='word_1_14' title='bbox 1151 377 1260 448; x_wconf 85' lang='lat' dir='ltr'>rebus</span> <span class='ocrx_word' id='word_1_15' title='bbox 1311 387 1389 446; x_wconf 91' lang='lat' dir='ltr'>acta</span> <span class='ocrx_word' id='word_1_16' title='bbox 1405 389 1509 462; x_wconf 88' lang='lat' dir='ltr'>sunt,</span> <span class='ocrx_word' id='word_1_17' title='bbox 1534 401 1611 449; x_wconf 90' lang='lat' dir='ltr'>non</span> <span class='ocrx_word' id='word_1_18' title='bbox 1622 374 1760 450; x_wconf 90' lang='lat' dir='ltr'>babent</span> <span class='ocrx_word' id='word_1_19' title='bbox 1773 377 1889 451; x_wconf 87' lang='lat' dir='ltr'>aliter.</span> <span class='ocrx_word' id='word_1_20' title='bbox 1939 375 2040 452; x_wconf 78' lang='lat' dir='ltr'>Nunc</span> <span class='ocrx_word' id='word_1_21' title='bbox 2054 379 2243 454; x_wconf 81' lang='lat' dir='ltr'>veroalteriu</span> 
     </span>
     <span class='ocr_line' id='line_1_3' title="bbox 250 479 2244 593; baseline -0.006 -28"><span class='ocrx_word' id='word_1_22' title='bbox 250 506 434 593; x_wconf 55' lang='lat' dir='ltr'>*oporteat</span> <span class='ocrx_word' id='word_1_23' title='bbox 448 489 667 572; x_wconf 90' lang='lat' dir='ltr'>consultare,</span> <span class='ocrx_word' id='word_1_24' title='bbox 689 481 939 554; x_wconf 82' lang='lat' dir='ltr'>difficillimum</span> <span class='ocrx_word' id='word_1_25' title='bbox 954 494 1062 575; x_wconf 86' lang='lat' dir='ltr'>puto;</span> <span class='ocrx_word' id='word_1_26' title='bbox 1088 481 1150 552; x_wconf 86' lang='lat' dir='ltr'>sed</span> <span class='ocrx_word' id='word_1_27' title='bbox 1163 480 1260 552; x_wconf 88' lang='lat' dir='ltr'>istud</span> <span class='ocrx_word' id='word_1_28' title='bbox 1310 479 1395 551; x_wconf 92' lang='lat' dir='ltr'>belli</span> <span class='ocrx_word' id='word_1_29' title='bbox 1409 479 1548 552; x_wconf 75' lang='lat' dir='ltr'>occasio</span> <span class='ocrx_word' id='word_1_30' title='bbox 1565 484 1745 576; x_wconf 78' lang='lat' dir='ltr'><strong>quaedam</strong></span> <span class='ocrx_word' id='word_1_31' title='bbox 1762 483 1862 553; x_wconf 88' lang='lat' dir='ltr'>adest</span> <span class='ocrx_word' id='word_1_32' title='bbox 1877 479 1946 578; x_wconf 75' lang='lat'>⁸¹),</span> <span class='ocrx_word' id='word_1_33' title='bbox 1969 506 2033 575; x_wconf 89' lang='lat' dir='ltr'>per</span> <span class='ocrx_word' id='word_1_34' title='bbox 2046 505 2143 576; x_wconf 87' lang='lat' dir='ltr'>quam</span> <span class='ocrx_word' id='word_1_35' title='bbox 2155 483 2244 553; x_wconf 83' lang='lat' dir='ltr'>stillo</span> 
     </span>
     <span class='ocr_line' id='line_1_4' title="bbox 264 576 2245 683; baseline -0.011 -8"><span class='ocrx_word' id='word_1_36' title='bbox 264 599 496 676; x_wconf 79' lang='lat' dir='ltr'>vehementer</span> <span class='ocrx_word' id='word_1_37' title='bbox 520 614 650 683; x_wconf 89' lang='lat' dir='ltr'>anceps</span> <span class='ocrx_word' id='word_1_38' title='bbox 673 611 774 672; x_wconf 88' lang='lat' dir='ltr'>sum,</span> <span class='ocrx_word' id='word_1_39' title='bbox 799 608 873 681; x_wconf 91' lang='lat' dir='ltr'>quo</span> <span class='ocrx_word' id='word_1_40' title='bbox 898 596 1025 678; x_wconf 89' lang='lat' dir='ltr'>pacto,</span> <span class='ocrx_word' id='word_1_41' title='bbox 1056 582 1128 654; x_wconf 79' lang='lat' dir='ltr'>viri</span> <span class='ocrx_word' id='word_1_42' title='bbox 1149 576 1260 654; x_wconf 89' lang='lat' dir='ltr'>Athe-</span> <span class='ocrx_word' id='word_1_43' title='bbox 1310 607 1393 656; x_wconf 89' lang='lat' dir='ltr'>rum</span> <span class='ocrx_word' id='word_1_44' title='bbox 1408 608 1473 655; x_wconf 87' lang='lat' dir='ltr'>vos</span> <span class='ocrx_word' id='word_1_45' title='bbox 1487 585 1683 655; x_wconf 89' lang='lat' dir='ltr'>admonere</span> <span class='ocrx_word' id='word_1_46' title='bbox 1700 584 1821 669; x_wconf 88' lang='lat' dir='ltr'>volui,</span> <span class='ocrx_word' id='word_1_47' title='bbox 1846 597 1888 654; x_wconf 91' lang='lat' dir='ltr'>nt</span> <span class='ocrx_word' id='word_1_48' title='bbox 1903 609 1949 655; x_wconf 87' lang='lat' dir='ltr'>ne</span> <span class='ocrx_word' id='word_1_49' title='bbox 1964 585 2069 669; x_wconf 90' lang='lat' dir='ltr'>idem,</span> <span class='ocrx_word' id='word_1_50' title='bbox 2091 586 2245 678; x_wconf 86' lang='lat' dir='ltr'>qnodtan,</span> 
     </span>
     <span class='ocr_line' id='line_1_5' title="bbox 266 683 2247 784; baseline -0.006 -16"><span class='ocrx_word' id='word_1_51' title='bbox 266 707 428 784; x_wconf 76' lang='lat' dir='ltr'>nienses,</span> <span class='ocrx_word' id='word_1_52' title='bbox 453 697 572 768; x_wconf 80' lang='lat' dir='ltr'>dicere</span> <span class='ocrx_word' id='word_1_53' title='bbox 585 696 630 764; x_wconf 92' lang='lat' dir='ltr'>de</span> <span class='ocrx_word' id='word_1_54' title='bbox 646 689 732 782; x_wconf 88' lang='lat' dir='ltr'>ipsis</span> <span class='ocrx_word' id='word_1_55' title='bbox 747 689 845 783; x_wconf 91' lang='lat' dir='ltr'>apud</span> <span class='ocrx_word' id='word_1_56' title='bbox 859 712 924 760; x_wconf 82' lang='lat' dir='ltr'>vos</span> <span class='ocrx_word' id='word_1_57' title='bbox 939 697 1117 780; x_wconf 88' lang='lat' dir='ltr'>oporteat.</span> <span class='ocrx_word' id='word_1_58' title='bbox 1164 684 1259 759; x_wconf 87' lang='lat' dir='ltr'>Nam</span> <span class='ocrx_word' id='word_1_59' title='bbox 1311 683 1414 759; x_wconf 82' lang='lat' dir='ltr'>vobis</span> <span class='ocrx_word' id='word_1_60' title='bbox 1436 687 1585 760; x_wconf 91' lang='lat' dir='ltr'>accidat.</span> <span class='ocrx_word' id='word_1_61' title='bbox 1637 688 1757 782; x_wconf 83' lang='lat' dir='ltr'>Quam</span> <span class='ocrx_word' id='word_1_62' title='bbox 1780 687 1891 780; x_wconf 90' lang='lat' dir='ltr'>igitur</span> <span class='ocrx_word' id='word_1_63' title='bbox 1912 689 1960 757; x_wconf 93' lang='lat' dir='ltr'>ad</span> <span class='ocrx_word' id='word_1_64' title='bbox 1981 711 2075 772; x_wconf 88' lang='lat' dir='ltr'>rem,</span> <span class='ocrx_word' id='word_1_65' title='bbox 2097 685 2158 754; x_wconf 84' lang='lat' dir='ltr'>viri</span> <span class='ocrx_word' id='word_1_66' title='bbox 2174 683 2247 758; x_wconf 73' lang='lat' dir='ltr'>Atha</span> 
     </span>
     <span class='ocr_line' id='line_1_6' title="bbox 265 788 2247 904; baseline -0.011 -24"><span class='ocrx_word' id='word_1_67' title='bbox 265 827 456 904; x_wconf 77' lang='lat' dir='ltr'>persuasus</span> <span class='ocrx_word' id='word_1_68' title='bbox 478 801 584 893; x_wconf 91' lang='lat' dir='ltr'>plane</span> <span class='ocrx_word' id='word_1_69' title='bbox 610 819 712 878; x_wconf 89' lang='lat' dir='ltr'>sum,</span> <span class='ocrx_word' id='word_1_70' title='bbox 745 816 900 888; x_wconf 88' lang='lat' dir='ltr'>quarum</span> <span class='ocrx_word' id='word_1_71' title='bbox 927 814 1051 861; x_wconf 88' lang='lat' dir='ltr'>rerum</span> <span class='ocrx_word' id='word_1_72' title='bbox 1076 802 1113 859; x_wconf 94' lang='lat' dir='ltr'>et</span> <span class='ocrx_word' id='word_1_73' title='bbox 1133 789 1261 860; x_wconf 86' lang='lat' dir='ltr'>videns</span> <span class='ocrx_word' id='word_1_74' title='bbox 1311 788 1472 874; x_wconf 87' lang='lat' dir='ltr'>nienses,</span> <span class='ocrx_word' id='word_1_75' title='bbox 1495 801 1640 860; x_wconf 86' lang='lat' dir='ltr'>utemur</span> <span class='ocrx_word' id='word_1_76' title='bbox 1656 791 1843 864; x_wconf 81' lang='lat' dir='ltr'>occasione</span> <span class='ocrx_word' id='word_1_77' title='bbox 1860 789 1955 862; x_wconf 82' lang='lat' dir='ltr'>ista?</span> <span class='ocrx_word' id='word_1_78' title='bbox 1990 790 2067 862; x_wconf 81' lang='lat' dir='ltr'>Nisi</span> <span class='ocrx_word' id='word_1_79' title='bbox 2081 789 2163 859; x_wconf 87' lang='lat' dir='ltr'>enin</span> <span class='ocrx_word' id='word_1_80' title='bbox 2183 793 2247 859; x_wconf 77' lang='lat' dir='ltr'>aud</span> 
     </span>
     <span class='ocr_line' id='line_1_7' title="bbox 268 891 2248 990; baseline -0.012 -6"><span class='ocrx_word' id='word_1_81' title='bbox 268 922 304 984; x_wconf 88' lang='lat' dir='ltr'>et</span> <span class='ocrx_word' id='word_1_82' title='bbox 320 907 469 980; x_wconf 85' lang='lat' dir='ltr'>audiens</span> <span class='ocrx_word' id='word_1_83' title='bbox 490 900 652 972; x_wconf 86' lang='lat' dir='ltr'>conscius</span> <span class='ocrx_word' id='word_1_84' title='bbox 671 921 772 981; x_wconf 88' lang='lat' dir='ltr'>sum,</span> <span class='ocrx_word' id='word_1_85' title='bbox 798 895 989 990; x_wconf 88' lang='lat' dir='ltr'>plerasque</span> <span class='ocrx_word' id='word_1_86' title='bbox 1004 891 1168 986; x_wconf 80' lang='lat' dir='ltr'>effugisse</span> <span class='ocrx_word' id='word_1_87' title='bbox 1182 917 1260 977; x_wconf 79' lang='lat' dir='ltr'>vos,</span> <span class='ocrx_word' id='word_1_88' title='bbox 1312 892 1401 963; x_wconf 90' lang='lat' dir='ltr'>lium</span> <span class='ocrx_word' id='word_1_89' title='bbox 1424 892 1577 964; x_wconf 88' lang='lat' dir='ltr'>tuleritis</span> <span class='ocrx_word' id='word_1_90' title='bbox 1603 893 1706 962; x_wconf 90' lang='lat' dir='ltr'>omni</span> <span class='ocrx_word' id='word_1_91' title='bbox 1720 896 1854 966; x_wconf 84' lang='lat' dir='ltr'>robore</span> <span class='ocrx_word' id='word_1_92' title='bbox 1868 919 1937 986; x_wconf 93' lang='lat' dir='ltr'>pro</span> <span class='ocrx_word' id='word_1_93' title='bbox 1953 893 2102 976; x_wconf 84' lang='lat' dir='ltr'>viribus,</span> <span class='ocrx_word' id='word_1_94' title='bbox 2124 892 2248 975; x_wconf 77' lang='lat' dir='ltr'>videritis,</span> 
     </span>
     <span class='ocr_line' id='line_1_8' title="bbox 266 995 2248 1098; baseline -0.01 -16"><span class='ocrx_word' id='word_1_95' title='bbox 266 1015 353 1086; x_wconf 90' lang='lat' dir='ltr'>dum</span> <span class='ocrx_word' id='word_1_96' title='bbox 366 1032 442 1080; x_wconf 90' lang='grc' dir='ltr'><strong>ιιοιι</strong></span> <span class='ocrx_word' id='word_1_97' title='bbox 458 1003 585 1090; x_wconf 86' lang='lat' dir='ltr'>vultis,</span> <span class='ocrx_word' id='word_1_98' title='bbox 610 1001 709 1098; x_wconf 91' lang='lat' dir='ltr'>quod</span> <span class='ocrx_word' id='word_1_99' title='bbox 723 1011 860 1070; x_wconf 87' lang='lat' dir='ltr'>rectum</span> <span class='ocrx_word' id='word_1_100' title='bbox 877 1010 942 1082; x_wconf 87' lang='lat' dir='ltr'>cst,</span> <span class='ocrx_word' id='word_1_101' title='bbox 968 997 1138 1091; x_wconf 88' lang='lat' dir='ltr'>quodque</span> <span class='ocrx_word' id='word_1_102' title='bbox 1153 1019 1261 1089; x_wconf 88' lang='lat' dir='ltr'>opor·</span> <span class='ocrx_word' id='word_1_103' title='bbox 1313 1019 1386 1090; x_wconf 94' lang='lat' dir='ltr'>quo</span> <span class='ocrx_word' id='word_1_104' title='bbox 1403 1007 1510 1088; x_wconf 91' lang='lat' dir='ltr'>pacto</span> <span class='ocrx_word' id='word_1_105' title='bbox 1529 995 1720 1067; x_wconf 78' lang='lat' dir='ltr'>militaturi</span> <span class='ocrx_word' id='word_1_106' title='bbox 1740 997 1817 1070; x_wconf 88' lang='lat' dir='ltr'>sitis</span> <span class='ocrx_word' id='word_1_107' title='bbox 1834 1021 1910 1067; x_wconf 94' lang='lat' dir='ltr'>non</span> <span class='ocrx_word' id='word_1_108' title='bbox 1926 1019 1993 1090; x_wconf 91' lang='lat' dir='ltr'>pro</span> <span class='ocrx_word' id='word_1_109' title='bbox 2011 996 2085 1088; x_wconf 87' lang='lat' dir='ltr'>ipsa</span> <span class='ocrx_word' id='word_1_110' title='bbox 2103 995 2194 1076; x_wconf 89' lang='lat' dir='ltr'>urbe,</span> <span class='ocrx_word' id='word_1_111' title='bbox 2212 995 2248 1063; x_wconf 79' lang='lat' dir='ltr'>rad</span> 
     </span>
     <span class='ocr_line' id='line_1_9' title="bbox 267 1092 2249 1202; baseline -0.012 -14"><span class='ocrx_word' id='word_1_112' title='bbox 267 1126 319 1188; x_wconf 90' lang='lat' dir='ltr'>tet</span> <span class='ocrx_word' id='word_1_113' title='bbox 340 1115 478 1195; x_wconf 82' lang='lat' dir='ltr'>iacere,</span> <span class='ocrx_word' id='word_1_114' title='bbox 508 1131 585 1178; x_wconf 89' lang='lat' dir='ltr'>non</span> <span class='ocrx_word' id='word_1_115' title='bbox 607 1105 671 1202; x_wconf 90' lang='lat' dir='ltr'>qui</span> <span class='ocrx_word' id='word_1_116' title='bbox 693 1103 821 1173; x_wconf 81' lang='lat' dir='ltr'>iduor</span> <span class='ocrx_word' id='word_1_117' title='bbox 840 1099 1050 1192; x_wconf 85' lang='lat' dir='ltr'>intelligitis.</span> <span class='ocrx_word' id='word_1_118' title='bbox 1102 1097 1261 1171; x_wconf 80' lang='lat' dir='ltr'>Obsecro</span> <span class='ocrx_word' id='word_1_119' title='bbox 1312 1093 1496 1191; x_wconf 87' lang='lat' dir='ltr'>Philippo.</span> <span class='ocrx_word' id='word_1_120' title='bbox 1529 1097 1722 1170; x_wconf 86' lang='lat' dir='ltr'>llabebant</span> <span class='ocrx_word' id='word_1_121' title='bbox 1735 1099 1809 1170; x_wconf 79' lang='lat' dir='ltr'>vim</span> <span class='ocrx_word' id='word_1_122' title='bbox 1825 1099 2008 1196; x_wconf 90' lang='lat' dir='ltr'>quandam</span> <span class='ocrx_word' id='word_1_123' title='bbox 2023 1092 2249 1192; x_wconf 74' lang='lat' dir='ltr'>etOlyntbii’¹)‚</span> 
     </span>
     <span class='ocr_line' id='line_1_10' title="bbox 267 1195 2248 1308; baseline -0.01 -21"><span class='ocrx_word' id='word_1_124' title='bbox 267 1231 389 1290; x_wconf 91' lang='lat' dir='ltr'>autem</span> <span class='ocrx_word' id='word_1_125' title='bbox 413 1239 478 1284; x_wconf 86' lang='lat' dir='ltr'>vos</span> <span class='ocrx_word' id='word_1_126' title='bbox 491 1209 562 1308; x_wconf 77' lang='lat'>&#39;&#39;),</span> <span class='ocrx_word' id='word_1_127' title='bbox 592 1210 623 1281; x_wconf 88' lang='lat' dir='ltr'>si</span> <span class='ocrx_word' id='word_1_128' title='bbox 642 1207 755 1276; x_wconf 89' lang='lat' dir='ltr'>libere</span> <span class='ocrx_word' id='word_1_129' title='bbox 779 1205 939 1276; x_wconf 91' lang='lat' dir='ltr'>dicturus</span> <span class='ocrx_word' id='word_1_130' title='bbox 963 1203 1053 1288; x_wconf 89' lang='lat' dir='ltr'>sim,</span> <span class='ocrx_word' id='word_1_131' title='bbox 1085 1226 1201 1298; x_wconf 89' lang='lat' dir='ltr'>aequo</span> <span class='ocrx_word' id='word_1_132' title='bbox 1221 1214 1263 1274; x_wconf 92' lang='lat' dir='ltr'>ut</span> <span class='ocrx_word' id='word_1_133' title='bbox 1314 1201 1418 1273; x_wconf 90' lang='lat' dir='ltr'>etsie</span> <span class='ocrx_word' id='word_1_134' title='bbox 1437 1224 1496 1273; x_wconf 88' lang='lat' dir='ltr'>res</span> <span class='ocrx_word' id='word_1_135' title='bbox 1516 1202 1567 1272; x_wconf 90' lang='lat' dir='ltr'>eis</span> <span class='ocrx_word' id='word_1_136' title='bbox 1592 1213 1697 1272; x_wconf 88' lang='lat' dir='ltr'>erant</span> <span class='ocrx_word' id='word_1_137' title='bbox 1716 1203 1957 1297; x_wconf 90' lang='lat' dir='ltr'>compositae,</span> <span class='ocrx_word' id='word_1_138' title='bbox 1983 1225 2096 1297; x_wconf 90' lang='lat' dir='ltr'>neque</span> <span class='ocrx_word' id='word_1_139' title='bbox 2112 1195 2248 1290; x_wconf 88' lang='lat' dir='ltr'>Philippu</span> 
     </span>
     <span class='ocr_line' id='line_1_11' title="bbox 267 1299 2249 1401; baseline -0.012 -7"><span class='ocrx_word' id='word_1_140' title='bbox 267 1324 362 1394; x_wconf 82' lang='lat' dir='ltr'>ferre</span> <span class='ocrx_word' id='word_1_141' title='bbox 388 1317 511 1388; x_wconf 92' lang='lat' dir='ltr'>animo</span> <span class='ocrx_word' id='word_1_142' title='bbox 536 1311 673 1395; x_wconf 81' lang='lat' dir='ltr'>velitis,</span> <span class='ocrx_word' id='word_1_143' title='bbox 698 1304 768 1379; x_wconf 90' lang='lat' dir='ltr'>hoc</span> <span class='ocrx_word' id='word_1_144' title='bbox 790 1307 1077 1391; x_wconf 81' lang='lat' dir='ltr'>considerantes,</span> <span class='ocrx_word' id='word_1_145' title='bbox 1110 1329 1158 1375; x_wconf 93' lang='lat' dir='ltr'>an</span> <span class='ocrx_word' id='word_1_146' title='bbox 1176 1329 1261 1376; x_wconf 82' lang='lat' dir='ltr'>vera</span> <span class='ocrx_word' id='word_1_147' title='bbox 1314 1328 1376 1376; x_wconf 88' lang='lat' dir='ltr'>eos</span> <span class='ocrx_word' id='word_1_148' title='bbox 1397 1307 1670 1390; x_wconf 89' lang='lat' dir='ltr'>contemnebat,</span> <span class='ocrx_word' id='word_1_149' title='bbox 1695 1329 1813 1401; x_wconf 90' lang='lat' dir='ltr'>neque</span> <span class='ocrx_word' id='word_1_150' title='bbox 1838 1299 2051 1398; x_wconf 84' lang='lat' dir='ltr'>Philippum</span> <span class='ocrx_word' id='word_1_151' title='bbox 2072 1303 2145 1396; x_wconf 88' lang='lat' dir='ltr'>ipsi.</span> <span class='ocrx_word' id='word_1_152' title='bbox 2184 1302 2249 1370; x_wconf 83' lang='lat' dir='ltr'>l&#39;eo&#39;·</span> 
     </span>
     <span class='ocr_line' id='line_1_12' title="bbox 268 1401 2251 1509; baseline -0.012 -15"><span class='ocrx_word' id='word_1_153' title='bbox 268 1425 409 1507; x_wconf 90' lang='lat' dir='ltr'>dicam,</span> <span class='ocrx_word' id='word_1_154' title='bbox 440 1430 475 1488; x_wconf 93' lang='lat' dir='ltr'>et</span> <span class='ocrx_word' id='word_1_155' title='bbox 490 1411 661 1509; x_wconf 87' lang='lat' dir='ltr'>perboe,</span> <span class='ocrx_word' id='word_1_156' title='bbox 687 1425 747 1498; x_wconf 93' lang='lat' dir='ltr'>ut,</span> <span class='ocrx_word' id='word_1_157' title='bbox 775 1422 966 1506; x_wconf 90' lang='lat' dir='ltr'>quaesunt</span> <span class='ocrx_word' id='word_1_158' title='bbox 981 1409 1142 1505; x_wconf 88' lang='lat' dir='ltr'>reliqua,</span> <span class='ocrx_word' id='word_1_159' title='bbox 1174 1411 1264 1480; x_wconf 88' lang='lat' dir='ltr'>fiant</span> <span class='ocrx_word' id='word_1_160' title='bbox 1314 1431 1496 1494; x_wconf 78' lang='lat' dir='ltr'>munos,</span> <span class='ocrx_word' id='word_1_161' title='bbox 1521 1421 1557 1478; x_wconf 92' lang='lat' dir='ltr'>et</span> <span class='ocrx_word' id='word_1_162' title='bbox 1572 1408 1627 1478; x_wconf 88' lang='lat' dir='ltr'>illi</span> <span class='ocrx_word' id='word_1_163' title='bbox 1642 1409 1830 1480; x_wconf 88' lang='lat' dir='ltr'>nobiscum</span> <span class='ocrx_word' id='word_1_164' title='bbox 1853 1433 2002 1504; x_wconf 86' lang='lat' dir='ltr'>pacem;</span> <span class='ocrx_word' id='word_1_165' title='bbox 2029 1419 2104 1478; x_wconf 92' lang='lat' dir='ltr'>erat</span> <span class='ocrx_word' id='word_1_166' title='bbox 2121 1401 2251 1475; x_wconf 78' lang='lat' dir='ltr'>hocvclrt</span> 
     </span>
     <span class='ocr_line' id='line_1_13' title="bbox 269 1508 2250 1610; baseline -0.013 -12"><span class='ocrx_word' id='word_1_167' title='bbox 269 1525 411 1598; x_wconf 85' lang='lat' dir='ltr'>rectius.</span> <span class='ocrx_word' id='word_1_168' title='bbox 462 1519 601 1591; x_wconf 84' lang='lat' dir='ltr'>Videtis</span> <span class='ocrx_word' id='word_1_169' title='bbox 624 1516 741 1600; x_wconf 87' lang='lat' dir='ltr'>enim,</span> <span class='ocrx_word' id='word_1_170' title='bbox 767 1515 865 1610; x_wconf 91' lang='lat' dir='ltr'>quod</span> <span class='ocrx_word' id='word_1_171' title='bbox 886 1537 930 1585; x_wconf 84' lang='lat' dir='ltr'>cr</span> <span class='ocrx_word' id='word_1_172' title='bbox 954 1537 1020 1598; x_wconf 92' lang='lat' dir='ltr'>eo,</span> <span class='ocrx_word' id='word_1_173' title='bbox 1046 1511 1132 1608; x_wconf 90' lang='lat' dir='ltr'>quia</span> <span class='ocrx_word' id='word_1_174' title='bbox 1154 1511 1263 1605; x_wconf 90' lang='lat' dir='ltr'>pleri·</span> <span class='ocrx_word' id='word_1_175' title='bbox 1316 1511 1540 1582; x_wconf 76' lang='lat' dir='ltr'>obstaculum</span> <span class='ocrx_word' id='word_1_176' title='bbox 1578 1513 1764 1606; x_wconf 89' lang='lat' dir='ltr'>quoddam</span> <span class='ocrx_word' id='word_1_177' title='bbox 1801 1508 1995 1606; x_wconf 90' lang='lat' dir='ltr'>Philippo,</span> <span class='ocrx_word' id='word_1_178' title='bbox 2034 1535 2075 1580; x_wconf 93' lang='lat' dir='ltr'>ac</span> <span class='ocrx_word' id='word_1_179' title='bbox 2105 1510 2250 1584; x_wconf 83' lang='lat' dir='ltr'>molestum,</span> 
     </span>
     <span class='ocr_line' id='line_1_14' title="bbox 270 1608 2249 1726; baseline -0.01 -30"><span class='ocrx_word' id='word_1_180' title='bbox 270 1653 340 1726; x_wconf 86' lang='lat' dir='ltr'>que</span> <span class='ocrx_word' id='word_1_181' title='bbox 357 1623 563 1717; x_wconf 86' lang='lat' dir='ltr'>adgratiam</span> <span class='ocrx_word' id='word_1_182' title='bbox 579 1631 721 1692; x_wconf 90' lang='lat' dir='ltr'>tantum</span> <span class='ocrx_word' id='word_1_183' title='bbox 737 1617 999 1688; x_wconf 83' lang='lat' dir='ltr'>concionantur</span> <span class='ocrx_word' id='word_1_184' title='bbox 1013 1615 1054 1685; x_wconf 91' lang='lat' dir='ltr'>in</span> <span class='ocrx_word' id='word_1_185' title='bbox 1066 1615 1264 1709; x_wconf 87' lang='lat' dir='ltr'>republica,</span> <span class='ocrx_word' id='word_1_186' title='bbox 1315 1616 1441 1684; x_wconf 89' lang='lat' dir='ltr'>urbem</span> <span class='ocrx_word' id='word_1_187' title='bbox 1456 1637 1627 1705; x_wconf 86' lang='lat' dir='ltr'>magnam</span> <span class='ocrx_word' id='word_1_188' title='bbox 1649 1617 1842 1686; x_wconf 85' lang='lat' dir='ltr'>concedere</span> <span class='ocrx_word' id='word_1_189' title='bbox 1866 1616 1915 1684; x_wconf 91' lang='lat' dir='ltr'>ad</span> <span class='ocrx_word' id='word_1_190' title='bbox 1931 1639 2020 1699; x_wconf 90' lang='lat' dir='ltr'>nos,</span> <span class='ocrx_word' id='word_1_191' title='bbox 2045 1612 2114 1684; x_wconf 90' lang='lat' dir='ltr'>suis</span> <span class='ocrx_word' id='word_1_192' title='bbox 2132 1608 2249 1702; x_wconf 78' lang='lat' dir='ltr'>tempori</span> 
     </span>
     <span class='ocr_line' id='line_1_15' title="bbox 270 1712 2249 1812; baseline -0.013 -9"><span class='ocrx_word' id='word_1_193' title='bbox 270 1735 317 1804; x_wconf 92' lang='lat' dir='ltr'>ad</span> <span class='ocrx_word' id='word_1_194' title='bbox 343 1741 541 1801; x_wconf 80' lang='lat' dir='ltr'>extremum</span> <span class='ocrx_word' id='word_1_195' title='bbox 567 1725 748 1794; x_wconf 88' lang='lat' dir='ltr'>malornm</span> <span class='ocrx_word' id='word_1_196' title='bbox 775 1744 832 1792; x_wconf 88' lang='lat' dir='ltr'>res</span> <span class='ocrx_word' id='word_1_197' title='bbox 861 1719 899 1788; x_wconf 92' lang='lat' dir='ltr'>in</span> <span class='ocrx_word' id='word_1_198' title='bbox 922 1718 1125 1812; x_wconf 88' lang='lat' dir='ltr'>praesentia</span> <span class='ocrx_word' id='word_1_199' title='bbox 1156 1740 1264 1790; x_wconf 82' lang='lat' dir='ltr'>vene-</span> <span class='ocrx_word' id='word_1_200' title='bbox 1314 1717 1383 1788; x_wconf 89' lang='lat' dir='ltr'>bus</span> <span class='ocrx_word' id='word_1_201' title='bbox 1415 1718 1460 1786; x_wconf 94' lang='lat' dir='ltr'>ab</span> <span class='ocrx_word' id='word_1_202' title='bbox 1492 1717 1572 1809; x_wconf 88' lang='lat' dir='ltr'>ipso</span> <span class='ocrx_word' id='word_1_203' title='bbox 1606 1718 1819 1804; x_wconf 88' lang='lat' dir='ltr'>alienatam,</span> <span class='ocrx_word' id='word_1_204' title='bbox 1852 1717 2013 1790; x_wconf 81' lang='lat' dir='ltr'>infensos</span> <span class='ocrx_word' id='word_1_205' title='bbox 2046 1715 2179 1785; x_wconf 87' lang='lat' dir='ltr'>reddere</span> <span class='ocrx_word' id='word_1_206' title='bbox 2202 1712 2249 1778; x_wconf 83' lang='lat' dir='ltr'>illos</span> 
     </span>
     <span class='ocr_line' id='line_1_16' title="bbox 268 1815 2251 1915; baseline -0.011 -9"><span class='ocrx_word' id='word_1_207' title='bbox 268 1846 366 1906; x_wconf 92' lang='lat' dir='ltr'>runt.</span> <span class='ocrx_word' id='word_1_208' title='bbox 424 1827 672 1905; x_wconf 86' lang='lat' dir='ltr'>Necessarium</span> <span class='ocrx_word' id='word_1_209' title='bbox 697 1834 818 1895; x_wconf 88' lang='lat' dir='ltr'>autem</span> <span class='ocrx_word' id='word_1_210' title='bbox 843 1821 1023 1906; x_wconf 87' lang='lat' dir='ltr'>arbitror,</span> <span class='ocrx_word' id='word_1_211' title='bbox 1054 1822 1178 1915; x_wconf 86' lang='lat' dir='ltr'>paucis</span> <span class='ocrx_word' id='word_1_212' title='bbox 1202 1822 1264 1892; x_wconf 92' lang='lat' dir='ltr'>ad·</span> <span class='ocrx_word' id='word_1_213' title='bbox 1316 1833 1485 1912; x_wconf 84' lang='lat' dir='ltr'>oportere</span> <span class='ocrx_word' id='word_1_214' title='bbox 1500 1817 1671 1914; x_wconf 93' lang='lat' dir='ltr'>Philippo</span> <span class='ocrx_word' id='word_1_215' title='bbox 1693 1821 1900 1914; x_wconf 89' lang='lat' dir='ltr'>putavimus</span> <span class='ocrx_word' id='word_1_216' title='bbox 1924 1819 2092 1890; x_wconf 88' lang='lat' dir='ltr'>omnibus</span> <span class='ocrx_word' id='word_1_217' title='bbox 2112 1815 2251 1898; x_wconf 60' lang='lat' dir='ltr'>medad</span> 
     </span>
     <span class='ocr_line' id='line_1_17' title="bbox 241 1920 2251 2026; baseline -0.012 -18"><span class='ocrx_word' id='word_1_218' title='bbox 241 1939 419 2008; x_wconf 83' lang='lat' dir='ltr'>&#39;monere</span> <span class='ocrx_word' id='word_1_219' title='bbox 441 1934 542 2026; x_wconf 88' lang='lat' dir='ltr'>prius</span> <span class='ocrx_word' id='word_1_220' title='bbox 564 1951 800 2011; x_wconf 88' lang='lat' dir='ltr'>voscorum,</span> <span class='ocrx_word' id='word_1_221' title='bbox 825 1923 1024 2020; x_wconf 74' lang='lat' dir='ltr'>quaefacta</span> <span class='ocrx_word' id='word_1_222' title='bbox 1040 1935 1135 1998; x_wconf 86' lang='lat' dir='ltr'>sunt.</span> <span class='ocrx_word' id='word_1_223' title='bbox 1187 1924 1264 1996; x_wconf 88' lang='lat' dir='ltr'>Me·</span> <span class='ocrx_word' id='word_1_224' title='bbox 1316 1925 1416 2018; x_wconf 92' lang='lat' dir='ltr'>quod</span> <span class='ocrx_word' id='word_1_225' title='bbox 1431 1947 1559 1994; x_wconf 88' lang='lat' dir='ltr'>omnes</span> <span class='ocrx_word' id='word_1_226' title='bbox 1572 1923 1756 1994; x_wconf 91' lang='lat' dir='ltr'>iactabant</span> <span class='ocrx_word' id='word_1_227' title='bbox 1773 1920 1965 2008; x_wconf 89' lang='lat' dir='ltr'>hactenus,</span> <span class='ocrx_word' id='word_1_228' title='bbox 1991 1924 2031 1993; x_wconf 93' lang='lat' dir='ltr'>id</span> <span class='ocrx_word' id='word_1_229' title='bbox 2053 1923 2159 2014; x_wconf 89' lang='lat' dir='ltr'>ipsum</span> <span class='ocrx_word' id='word_1_230' title='bbox 2177 1930 2251 1985; x_wconf 81' lang='lat' dir='ltr'>arton</span> 
     </span>
     <span class='ocr_line' id='line_1_18' title="bbox 269 2015 2251 2124; baseline -0.013 -14"><span class='ocrx_word' id='word_1_231' title='bbox 269 2036 424 2110; x_wconf 88' lang='lat' dir='ltr'>ministis</span> <span class='ocrx_word' id='word_1_232' title='bbox 448 2036 565 2118; x_wconf 92' lang='lat' dir='ltr'>enim,</span> <span class='ocrx_word' id='word_1_233' title='bbox 590 2031 660 2102; x_wconf 84' lang='lat' dir='ltr'>viri</span> <span class='ocrx_word' id='word_1_234' title='bbox 675 2024 931 2114; x_wconf 80' lang='lat' dir='ltr'>Athenienses,</span> <span class='ocrx_word' id='word_1_235' title='bbox 955 2051 1037 2097; x_wconf 89' lang='lat' dir='ltr'>cum</span> <span class='ocrx_word' id='word_1_236' title='bbox 1057 2027 1264 2099; x_wconf 89' lang='lat' dir='ltr'>nuntiatum</span> <span class='ocrx_word' id='word_1_237' title='bbox 1316 2027 1391 2096; x_wconf 85' lang='lat' dir='ltr'>iarn</span> <span class='ocrx_word' id='word_1_238' title='bbox 1415 2038 1468 2098; x_wconf 90' lang='lat' dir='ltr'>est</span> <span class='ocrx_word' id='word_1_239' title='bbox 1496 2029 1836 2124; x_wconf 89' lang='lat' dir='ltr'>quomodocunque.</span> <span class='ocrx_word' id='word_1_240' title='bbox 1901 2025 2004 2120; x_wconf 76' lang='lat' dir='ltr'>Quid</span> <span class='ocrx_word' id='word_1_241' title='bbox 2029 2025 2132 2117; x_wconf 88' lang='lat' dir='ltr'>igitur</span> <span class='ocrx_word' id='word_1_242' title='bbox 2150 2022 2186 2092; x_wconf 88' lang='lat' dir='ltr'>sit</span> <span class='ocrx_word' id='word_1_243' title='bbox 2202 2015 2251 2087; x_wconf 84' lang='lat' dir='ltr'>reli·</span> 
     </span>
     <span class='ocr_line' id='line_1_19' title="bbox 268 2123 2251 2227; baseline -0.012 -15"><span class='ocrx_word' id='word_1_244' title='bbox 268 2141 372 2212; x_wconf 79' lang='lat' dir='ltr'>vobis</span> <span class='ocrx_word' id='word_1_245' title='bbox 397 2148 508 2224; x_wconf 87' lang='lat' dir='ltr'>esset,</span> <span class='ocrx_word' id='word_1_246' title='bbox 546 2129 757 2227; x_wconf 88' lang='lat' dir='ltr'>Philippum</span> <span class='ocrx_word' id='word_1_247' title='bbox 785 2154 859 2203; x_wconf 88' lang='lat' dir='ltr'>esse</span> <span class='ocrx_word' id='word_1_248' title='bbox 883 2132 922 2201; x_wconf 89' lang='lat' dir='ltr'>in</span> <span class='ocrx_word' id='word_1_249' title='bbox 944 2125 1123 2215; x_wconf 87' lang='lat' dir='ltr'>Thracia,</span> <span class='ocrx_word' id='word_1_250' title='bbox 1157 2131 1263 2204; x_wconf 90' lang='lat' dir='ltr'>tertio</span> <span class='ocrx_word' id='word_1_251' title='bbox 1318 2155 1450 2225; x_wconf 89' lang='lat' dir='ltr'>quum,</span> <span class='ocrx_word' id='word_1_252' title='bbox 1484 2131 1555 2200; x_wconf 87' lang='lat' dir='ltr'>viri</span> <span class='ocrx_word' id='word_1_253' title='bbox 1575 2127 1832 2217; x_wconf 75' lang='lat' dir='ltr'>Athenienses,</span> <span class='ocrx_word' id='word_1_254' title='bbox 1857 2130 1929 2202; x_wconf 85' lang='lat' dir='ltr'>nisi</span> <span class='ocrx_word' id='word_1_255' title='bbox 1948 2141 1992 2200; x_wconf 89' lang='lat' dir='ltr'>ut</span> <span class='ocrx_word' id='word_1_256' title='bbox 2007 2128 2196 2200; x_wconf 85' lang='lat' dir='ltr'>auxiliemur</span> <span class='ocrx_word' id='word_1_257' title='bbox 2208 2123 2251 2189; x_wconf 86' lang='lat' dir='ltr'>lor·</span> 
     </span>
     <span class='ocr_line' id='line_1_20' title="bbox 270 2227 2251 2338; baseline -0.008 -24"><span class='ocrx_word' id='word_1_258' title='bbox 270 2258 334 2314; x_wconf 93' lang='lat' dir='ltr'>aut</span> <span class='ocrx_word' id='word_1_259' title='bbox 353 2253 483 2338; x_wconf 86' lang='lat' dir='ltr'>quarto</span> <span class='ocrx_word' id='word_1_260' title='bbox 507 2233 640 2308; x_wconf 87' lang='lat' dir='ltr'>abhinc</span> <span class='ocrx_word' id='word_1_261' title='bbox 664 2260 781 2320; x_wconf 92' lang='lat' dir='ltr'>anno,</span> <span class='ocrx_word' id='word_1_262' title='bbox 808 2247 844 2304; x_wconf 89' lang='lat' dir='ltr'>et</span> <span class='ocrx_word' id='word_1_263' title='bbox 858 2257 1068 2328; x_wconf 81' lang='lat' dir='ltr'>oppugnare</span> <span class='ocrx_word' id='word_1_264' title='bbox 1082 2233 1263 2305; x_wconf 88' lang='lat' dir='ltr'>Heraeum</span> <span class='ocrx_word' id='word_1_265' title='bbox 1317 2233 1403 2302; x_wconf 83' lang='lat' dir='ltr'>tlter</span> <span class='ocrx_word' id='word_1_266' title='bbox 1430 2247 1625 2327; x_wconf 90' lang='lat' dir='ltr'>prompte,</span> <span class='ocrx_word' id='word_1_267' title='bbox 1668 2259 1734 2327; x_wconf 92' lang='lat' dir='ltr'>ego</span> <span class='ocrx_word' id='word_1_268' title='bbox 1758 2247 1852 2305; x_wconf 87' lang='lat' dir='ltr'>certe</span> <span class='ocrx_word' id='word_1_269' title='bbox 1878 2255 1955 2305; x_wconf 91' lang='lat' dir='ltr'>non</span> <span class='ocrx_word' id='word_1_270' title='bbox 1978 2232 2096 2304; x_wconf 88' lang='lat' dir='ltr'>video.</span> <span class='ocrx_word' id='word_1_271' title='bbox 2153 2227 2251 2298; x_wconf 79' lang='lat' dir='ltr'>Ptarltt</span> 
     </span>
     <span class='ocr_line' id='line_1_21' title="bbox 269 2322 2250 2440; baseline -0.011 -24"><span class='ocrx_word' id='word_1_272' title='bbox 269 2343 502 2440; x_wconf 90' lang='lat' dir='ltr'>praesidium.</span> <span class='ocrx_word' id='word_1_273' title='bbox 561 2341 668 2412; x_wconf 88' lang='lat' dir='ltr'>Tunc</span> <span class='ocrx_word' id='word_1_274' title='bbox 700 2339 810 2431; x_wconf 88' lang='lat' dir='ltr'>igitur</span> <span class='ocrx_word' id='word_1_275' title='bbox 842 2337 974 2411; x_wconf 87' lang='lat' dir='ltr'>mensis</span> <span class='ocrx_word' id='word_1_276' title='bbox 1008 2337 1155 2432; x_wconf 87' lang='lat' dir='ltr'>quidem</span> <span class='ocrx_word' id='word_1_277' title='bbox 1187 2351 1266 2408; x_wconf 90' lang='lat' dir='ltr'>erat</span> <span class='ocrx_word' id='word_1_278' title='bbox 1317 2336 1413 2406; x_wconf 88' lang='lat' dir='ltr'>enim</span> <span class='ocrx_word' id='word_1_279' title='bbox 1428 2336 1687 2430; x_wconf 80' lang='lat' dir='ltr'>ignominiam,</span> <span class='ocrx_word' id='word_1_280' title='bbox 1714 2362 1807 2434; x_wconf 90' lang='lat' dir='ltr'>quae</span> <span class='ocrx_word' id='word_1_281' title='bbox 1823 2337 2072 2408; x_wconf 88' lang='lat' dir='ltr'>circumstaret</span> <span class='ocrx_word' id='word_1_282' title='bbox 2085 2357 2161 2416; x_wconf 88' lang='lat' dir='ltr'>nos,</span> <span class='ocrx_word' id='word_1_283' title='bbox 2181 2322 2250 2399; x_wconf 68' lang='lat' dir='ltr'>sits</span> 
     </span>
     <span class='ocr_line' id='line_1_22' title="bbox 269 2439 2252 2541; baseline -0.009 -19"><span class='ocrx_word' id='word_1_284' title='bbox 269 2446 553 2522; x_wconf 87' lang='lat' dir='ltr'>Maemacterion</span> <span class='ocrx_word' id='word_1_285' title='bbox 576 2443 637 2541; x_wconf 72' lang='lat'><strong>⁸⁸).</strong></span> <span class='ocrx_word' id='word_1_286' title='bbox 689 2441 814 2513; x_wconf 89' lang='lat' dir='ltr'>Multis</span> <span class='ocrx_word' id='word_1_287' title='bbox 835 2466 923 2512; x_wconf 85' lang='lat' dir='ltr'>vero</span> <span class='ocrx_word' id='word_1_288' title='bbox 946 2441 1195 2527; x_wconf 84' lang='lat' dir='ltr'>sermonibus,</span> <span class='ocrx_word' id='word_1_289' title='bbox 1230 2454 1267 2513; x_wconf 87' lang='lat' dir='ltr'>et</span> <span class='ocrx_word' id='word_1_290' title='bbox 1317 2461 1400 2510; x_wconf 88' lang='lat' dir='ltr'>rum</span> <span class='ocrx_word' id='word_1_291' title='bbox 1424 2465 1546 2512; x_wconf 90' lang='lat' dir='ltr'>rerum</span> <span class='ocrx_word' id='word_1_292' title='bbox 1570 2442 1764 2537; x_wconf 88' lang='lat' dir='ltr'>quicquam</span> <span class='ocrx_word' id='word_1_293' title='bbox 1789 2439 2072 2534; x_wconf 80' lang='lat' dir='ltr'>neglexerimus,</span> <span class='ocrx_word' id='word_1_294' title='bbox 2102 2451 2252 2530; x_wconf 75' lang='lat' dir='ltr'>nequent</span> 
     </span>
     <span class='ocr_line' id='line_1_23' title="bbox 267 2533 2250 2642; baseline -0.009 -18"><span class='ocrx_word' id='word_1_295' title='bbox 267 2552 425 2624; x_wconf 91' lang='lat' dir='ltr'>tumultu</span> <span class='ocrx_word' id='word_1_296' title='bbox 439 2551 535 2642; x_wconf 91' lang='lat' dir='ltr'>apud</span> <span class='ocrx_word' id='word_1_297' title='bbox 550 2573 614 2618; x_wconf 89' lang='lat' dir='ltr'>vos</span> <span class='ocrx_word' id='word_1_298' title='bbox 627 2542 775 2630; x_wconf 93' lang='lat' dir='ltr'>habito,</span> <span class='ocrx_word' id='word_1_299' title='bbox 803 2542 1009 2616; x_wconf 84' lang='lat' dir='ltr'>decrevistis</span> <span class='ocrx_word' id='word_1_300' title='bbox 1025 2544 1266 2638; x_wconf 81' lang='lat' dir='ltr'>quadraginta</span> <span class='ocrx_word' id='word_1_301' title='bbox 1318 2555 1395 2613; x_wconf 92' lang='lat' dir='ltr'>tum</span> <span class='ocrx_word' id='word_1_302' title='bbox 1424 2543 1512 2639; x_wconf 89' lang='lat' dir='ltr'>(viri</span> <span class='ocrx_word' id='word_1_303' title='bbox 1533 2541 1787 2642; x_wconf 79' lang='lat' dir='ltr'>Athenienses)</span> <span class='ocrx_word' id='word_1_304' title='bbox 1816 2569 1972 2638; x_wconf 86' lang='lat' dir='ltr'>parvum</span> <span class='ocrx_word' id='word_1_305' title='bbox 2003 2543 2125 2625; x_wconf 86' lang='lat' dir='ltr'>video,</span> <span class='ocrx_word' id='word_1_306' title='bbox 2154 2536 2201 2633; x_wconf 89' lang='lat' dir='ltr'>qui</span> <span class='ocrx_word' id='word_1_307' title='bbox 2221 2533 2250 2599; x_wconf 73' lang='lat' dir='ltr'>ir</span> 
     </span>
     <span class='ocr_line' id='line_1_24' title="bbox 268 2642 2251 2744; baseline -0.006 -20"><span class='ocrx_word' id='word_1_308' title='bbox 268 2646 718 2744; x_wconf 55' lang='lat' dir='ltr'>triremesdemitterem),</span> <span class='ocrx_word' id='word_1_309' title='bbox 735 2642 949 2719; x_wconf 88' lang='lat' dir='ltr'>ethomines</span> <span class='ocrx_word' id='word_1_310' title='bbox 965 2671 1144 2720; x_wconf 91' lang='lat' dir='ltr'>annorum</span> <span class='ocrx_word' id='word_1_311' title='bbox 1161 2647 1266 2743; x_wconf 90' lang='lat' dir='ltr'>qnin-</span> <span class='ocrx_word' id='word_1_312' title='bbox 1318 2647 1559 2740; x_wconf 86' lang='lat' dir='ltr'>cumbitpost</span> <span class='ocrx_word' id='word_1_313' title='bbox 1581 2644 1671 2720; x_wconf 88' lang='lat' dir='ltr'>haec</span> <span class='ocrx_word' id='word_1_314' title='bbox 1686 2649 1810 2734; x_wconf 83' lang='lat' dir='ltr'>nobis,</span> <span class='ocrx_word' id='word_1_315' title='bbox 1836 2651 1922 2720; x_wconf 88' lang='lat' dir='ltr'>dum</span> <span class='ocrx_word' id='word_1_316' title='bbox 1944 2651 2048 2744; x_wconf 91' lang='lat' dir='ltr'>qnod</span> <span class='ocrx_word' id='word_1_317' title='bbox 2070 2647 2117 2716; x_wconf 90' lang='lat' dir='ltr'>ita</span> <span class='ocrx_word' id='word_1_318' title='bbox 2136 2665 2201 2735; x_wconf 87' lang='lat' dir='ltr'>erga</span> <span class='ocrx_word' id='word_1_319' title='bbox 2214 2661 2251 2706; x_wconf 64' lang='grc' dir='ltr'>ποι</span> 
     </span>
     <span class='ocr_line' id='line_1_25' title="bbox 269 2744 2251 2852; baseline -0.006 -25"><span class='ocrx_word' id='word_1_320' title='bbox 269 2781 339 2852; x_wconf 92' lang='lat' dir='ltr'>que</span> <span class='ocrx_word' id='word_1_321' title='bbox 361 2769 396 2826; x_wconf 91' lang='lat' dir='ltr'>et</span> <span class='ocrx_word' id='word_1_322' title='bbox 416 2753 655 2850; x_wconf 84' lang='lat' dir='ltr'>quadraginta</span> <span class='ocrx_word' id='word_1_323' title='bbox 671 2749 720 2846; x_wconf 74' lang='lat'>⁹⁸)</span> <span class='ocrx_word' id='word_1_324' title='bbox 743 2750 839 2843; x_wconf 88' lang='lat' dir='ltr'>ipsas</span> <span class='ocrx_word' id='word_1_325' title='bbox 857 2752 1120 2836; x_wconf 88' lang='lat' dir='ltr'>conscendere,</span> <span class='ocrx_word' id='word_1_326' title='bbox 1148 2765 1185 2822; x_wconf 90' lang='lat' dir='ltr'>et</span> <span class='ocrx_word' id='word_1_327' title='bbox 1210 2763 1265 2821; x_wconf 92' lang='lat' dir='ltr'>ta-</span> <span class='ocrx_word' id='word_1_328' title='bbox 1317 2749 1390 2820; x_wconf 89' lang='lat' dir='ltr'>sint</span> <span class='ocrx_word' id='word_1_329' title='bbox 1413 2749 1535 2822; x_wconf 81' lang='lat' dir='ltr'>affecti</span> <span class='ocrx_word' id='word_1_330' title='bbox 1553 2747 1741 2838; x_wconf 81' lang='lat' dir='ltr'>Thebani,</span> <span class='ocrx_word' id='word_1_331' title='bbox 1783 2763 1824 2822; x_wconf 92' lang='lat' dir='ltr'>ut</span> <span class='ocrx_word' id='word_1_332' title='bbox 1849 2763 1953 2836; x_wconf 92' lang='lat' dir='ltr'>sunt,</span> <span class='ocrx_word' id='word_1_333' title='bbox 1998 2753 2148 2846; x_wconf 86' lang='lat' dir='ltr'>dumque</span> <span class='ocrx_word' id='word_1_334' title='bbox 2172 2744 2251 2838; x_wconf 77' lang='lat' dir='ltr'>opbut</span> 
     </span>
     <span class='ocr_line' id='line_1_26' title="bbox 269 2851 2250 2954; baseline -0.01 -24"><span class='ocrx_word' id='word_1_335' title='bbox 269 2861 366 2930; x_wconf 87' lang='lat' dir='ltr'>lenta</span> <span class='ocrx_word' id='word_1_336' title='bbox 385 2856 569 2950; x_wconf 70' lang='lat' dir='ltr'>sexaginta</span> <span class='ocrx_word' id='word_1_337' title='bbox 585 2855 624 2926; x_wconf 92' lang='lat' dir='ltr'>in</span> <span class='ocrx_word' id='word_1_338' title='bbox 639 2853 823 2948; x_wconf 89' lang='lat' dir='ltr'>publicum</span> <span class='ocrx_word' id='word_1_339' title='bbox 849 2857 1026 2926; x_wconf 81' lang='lat' dir='ltr'>conferre.</span> <span class='ocrx_word' id='word_1_340' title='bbox 1087 2852 1266 2948; x_wconf 87' lang='lat' dir='ltr'>Deinceps</span> <span class='ocrx_word' id='word_1_341' title='bbox 1318 2854 1511 2946; x_wconf 89' lang='lat' dir='ltr'>desperant</span> <span class='ocrx_word' id='word_1_342' title='bbox 1524 2851 1747 2941; x_wconf 89' lang='lat' dir='ltr'>Phocenses,</span> <span class='ocrx_word' id='word_1_343' title='bbox 1776 2878 1895 2949; x_wconf 91' lang='lat' dir='ltr'>neque</span> <span class='ocrx_word' id='word_1_344' title='bbox 1910 2854 2104 2954; x_wconf 91' lang='lat' dir='ltr'>quicquam</span> <span class='ocrx_word' id='word_1_345' title='bbox 2123 2861 2250 2948; x_wconf 82' lang='lat' dir='ltr'>praetere</span> 
     </span>
     <span class='ocr_line' id='line_1_27' title="bbox 270 2952 2263 3052; baseline -0.009 -17"><span class='ocrx_word' id='word_1_346' title='bbox 270 2987 357 3035; x_wconf 83' lang='lat' dir='ltr'>vero</span> <span class='ocrx_word' id='word_1_347' title='bbox 383 2972 564 3032; x_wconf 88' lang='lat' dir='ltr'>transacto</span> <span class='ocrx_word' id='word_1_348' title='bbox 580 2955 650 3030; x_wconf 91' lang='lat' dir='ltr'>hoc</span> <span class='ocrx_word' id='word_1_349' title='bbox 667 2982 785 3042; x_wconf 92' lang='lat' dir='ltr'>anno,</span> <span class='ocrx_word' id='word_1_350' title='bbox 809 2957 943 3030; x_wconf 90' lang='lat' dir='ltr'>labitur</span> <span class='ocrx_word' id='word_1_351' title='bbox 958 2957 1267 3046; x_wconf 88' lang='lat' dir='ltr'>Hecatombaeon,</span> <span class='ocrx_word' id='word_1_352' title='bbox 1316 2952 1488 3052; x_wconf 91' lang='lat' dir='ltr'>Philippo</span> <span class='ocrx_word' id='word_1_353' title='bbox 1506 2973 1558 3032; x_wconf 89' lang='lat' dir='ltr'>est</span> <span class='ocrx_word' id='word_1_354' title='bbox 1572 2961 1769 3044; x_wconf 88' lang='lat' dir='ltr'>obstaculo,</span> <span class='ocrx_word' id='word_1_355' title='bbox 1794 2972 2023 3052; x_wconf 85' lang='lat' dir='ltr'>praesentem</span> <span class='ocrx_word' id='word_1_356' title='bbox 2041 2983 2155 3030; x_wconf 88' lang='lat' dir='ltr'>rerum</span> <span class='ocrx_word' id='word_1_357' title='bbox 2168 2965 2263 3026; x_wconf 84' lang='lat' dir='ltr'>statm</span> 
     </span>
     <span class='ocr_line' id='line_1_28' title="bbox 270 3056 2250 3160; baseline -0.002 -24"><span class='ocrx_word' id='word_1_358' title='bbox 270 3063 533 3157; x_wconf 80' lang='lat' dir='ltr'>Metageitnion</span> <span class='ocrx_word' id='word_1_359' title='bbox 553 3061 623 3160; x_wconf 79' lang='lat'>⁹⁴),</span> <span class='ocrx_word' id='word_1_360' title='bbox 664 3061 914 3134; x_wconf 77' lang='lat' dir='ltr'>Bosdromion</span> <span class='ocrx_word' id='word_1_361' title='bbox 935 3061 1005 3158; x_wconf 75' lang='lat'>⁹⁵),</span> <span class='ocrx_word' id='word_1_362' title='bbox 1038 3056 1109 3133; x_wconf 91' lang='lat' dir='ltr'>hoc</span> <span class='ocrx_word' id='word_1_363' title='bbox 1141 3087 1265 3135; x_wconf 86' lang='lat' dir='ltr'>mense</span> <span class='ocrx_word' id='word_1_364' title='bbox 1317 3063 1591 3154; x_wconf 89' lang='lat' dir='ltr'>perturbaturo:</span> <span class='ocrx_word' id='word_1_365' title='bbox 1626 3087 1692 3149; x_wconf 90' lang='lat' dir='ltr'>eo,</span> <span class='ocrx_word' id='word_1_366' title='bbox 1719 3063 1890 3160; x_wconf 88' lang='lat' dir='ltr'>inquam,</span> <span class='ocrx_word' id='word_1_367' title='bbox 1915 3087 1973 3134; x_wconf 88' lang='lat' dir='ltr'>res</span> <span class='ocrx_word' id='word_1_368' title='bbox 1997 3063 2161 3135; x_wconf 88' lang='lat' dir='ltr'>inclinare</span> <span class='ocrx_word' id='word_1_369' title='bbox 2180 3057 2250 3126; x_wconf 72' lang='lat' dir='ltr'>video</span> 
     </span>
     <span class='ocr_line' id='line_1_29' title="bbox 271 3161 2251 3264; baseline 0.001 -27"><span class='ocrx_word' id='word_1_370' title='bbox 271 3169 332 3237; x_wconf 85' lang='lat' dir='ltr'>vix</span> <span class='ocrx_word' id='word_1_371' title='bbox 361 3169 508 3236; x_wconf 89' lang='lat' dir='ltr'>tandem</span> <span class='ocrx_word' id='word_1_372' title='bbox 539 3179 623 3258; x_wconf 90' lang='lat' dir='ltr'>post</span> <span class='ocrx_word' id='word_1_373' title='bbox 644 3165 813 3260; x_wconf 84' lang='lat' dir='ltr'>mysteria</span> <span class='ocrx_word' id='word_1_374' title='bbox 832 3161 1091 3238; x_wconf 86' lang='lat' dir='ltr'>Charidemum</span> <span class='ocrx_word' id='word_1_375' title='bbox 1118 3168 1266 3240; x_wconf 88' lang='lat' dir='ltr'>misistis</span> <span class='ocrx_word' id='word_1_376' title='bbox 1316 3163 1453 3236; x_wconf 88' lang='lat' dir='ltr'>Verum</span> <span class='ocrx_word' id='word_1_377' title='bbox 1480 3167 1578 3238; x_wconf 87' lang='lat' dir='ltr'>enim</span> <span class='ocrx_word' id='word_1_378' title='bbox 1602 3192 1689 3240; x_wconf 77' lang='lat' dir='ltr'>vero</span> <span class='ocrx_word' id='word_1_379' title='bbox 1714 3168 1745 3240; x_wconf 87' lang='lat' dir='ltr'>si</span> <span class='ocrx_word' id='word_1_380' title='bbox 1765 3167 1846 3264; x_wconf 91' lang='lat' dir='ltr'>quis</span> <span class='ocrx_word' id='word_1_381' title='bbox 1866 3179 2026 3240; x_wconf 87' lang='lat' dir='ltr'>vestrum</span> <span class='ocrx_word' id='word_1_382' title='bbox 2046 3169 2085 3239; x_wconf 89' lang='lat' dir='ltr'>in</span> <span class='ocrx_word' id='word_1_383' title='bbox 2105 3165 2179 3250; x_wconf 89' lang='lat' dir='ltr'>hoc,</span> <span class='ocrx_word' id='word_1_384' title='bbox 2199 3177 2251 3254; x_wconf 60' lang='lat' dir='ltr'>qud</span> 
     </span>
     <span class='ocr_line' id='line_1_30' title="bbox 270 3267 2251 3366; baseline -0.001 -24"><span class='ocrx_word' id='word_1_385' title='bbox 270 3295 353 3342; x_wconf 92' lang='lat' dir='ltr'>cum</span> <span class='ocrx_word' id='word_1_386' title='bbox 374 3271 496 3338; x_wconf 89' lang='lat' dir='ltr'>decem</span> <span class='ocrx_word' id='word_1_387' title='bbox 521 3268 694 3350; x_wconf 83' lang='lat' dir='ltr'>navibus,</span> <span class='ocrx_word' id='word_1_388' title='bbox 728 3268 844 3361; x_wconf 83' lang='lat' dir='ltr'>iisque</span> <span class='ocrx_word' id='word_1_389' title='bbox 870 3267 1011 3354; x_wconf 89' lang='lat' dir='ltr'>vacuis,</span> <span class='ocrx_word' id='word_1_390' title='bbox 1046 3282 1082 3340; x_wconf 90' lang='lat' dir='ltr'>et</span> <span class='ocrx_word' id='word_1_391' title='bbox 1104 3271 1265 3366; x_wconf 92' lang='lat' dir='ltr'>quinque</span> <span class='ocrx_word' id='word_1_392' title='bbox 1319 3293 1409 3362; x_wconf 88' lang='lat' dir='ltr'>opus</span> <span class='ocrx_word' id='word_1_393' title='bbox 1429 3284 1481 3342; x_wconf 89' lang='lat' dir='ltr'>est</span> <span class='ocrx_word' id='word_1_394' title='bbox 1502 3273 1598 3342; x_wconf 89' lang='lat' dir='ltr'>facto</span> <span class='ocrx_word' id='word_1_395' title='bbox 1624 3273 1761 3357; x_wconf 88' lang='lat' dir='ltr'>reiicit,</span> <span class='ocrx_word' id='word_1_396' title='bbox 1787 3271 1959 3344; x_wconf 83' lang='lat' dir='ltr'>isvidere</span> <span class='ocrx_word' id='word_1_397' title='bbox 1983 3275 2251 3366; x_wconf 77' lang='lat' dir='ltr'>periculumprtpt</span> 
     </span>
     <span class='ocr_line' id='line_1_31' title="bbox 271 3368 2262 3470; baseline 0.005 -28"><span class='ocrx_word' id='word_1_398' title='bbox 271 3371 411 3462; x_wconf 87' lang='lat' dir='ltr'>argenti</span> <span class='ocrx_word' id='word_1_399' title='bbox 445 3370 599 3440; x_wconf 88' lang='lat' dir='ltr'>talentis.</span> <span class='ocrx_word' id='word_1_400' title='bbox 663 3368 755 3440; x_wconf 85' lang='lat' dir='ltr'>Cum</span> <span class='ocrx_word' id='word_1_401' title='bbox 791 3369 887 3440; x_wconf 88' lang='lat' dir='ltr'>enim</span> <span class='ocrx_word' id='word_1_402' title='bbox 920 3372 1128 3442; x_wconf 89' lang='lat' dir='ltr'>nuntiatum</span> <span class='ocrx_word' id='word_1_403' title='bbox 1162 3387 1265 3460; x_wconf 86' lang='lat' dir='ltr'>essct,</span> <span class='ocrx_word' id='word_1_404' title='bbox 1317 3373 1435 3464; x_wconf 92' lang='lat' dir='ltr'>cupit,</span> <span class='ocrx_word' id='word_1_405' title='bbox 1475 3378 1573 3470; x_wconf 94' lang='lat' dir='ltr'>quod</span> <span class='ocrx_word' id='word_1_406' title='bbox 1602 3377 1770 3448; x_wconf 89' lang='lat' dir='ltr'>accidisse</span> <span class='ocrx_word' id='word_1_407' title='bbox 1799 3375 1927 3470; x_wconf 91' lang='lat' dir='ltr'>procul</span> <span class='ocrx_word' id='word_1_408' title='bbox 1961 3377 2087 3448; x_wconf 88' lang='lat' dir='ltr'>audire</span> <span class='ocrx_word' id='word_1_409' title='bbox 2113 3373 2214 3470; x_wconf 79' lang='lat' dir='ltr'>possit,</span> <span class='ocrx_word' id='word_1_410' title='bbox 2234 3373 2262 3432; x_wconf 68' lang='lat' dir='ltr'>‘l&#39;</span> 
     </span>
     <span class='ocr_line' id='line_1_32' title="bbox 269 3465 2250 3574; baseline 0.001 -28"><span class='ocrx_word' id='word_1_411' title='bbox 269 3471 479 3566; x_wconf 88' lang='lat' dir='ltr'>Philippum</span> <span class='ocrx_word' id='word_1_412' title='bbox 510 3495 587 3542; x_wconf 90' lang='lat' dir='ltr'>non</span> <span class='ocrx_word' id='word_1_413' title='bbox 612 3471 705 3543; x_wconf 89' lang='lat' dir='ltr'>bene</span> <span class='ocrx_word' id='word_1_414' title='bbox 732 3473 874 3557; x_wconf 84' lang='lat' dir='ltr'>valere,</span> <span class='ocrx_word' id='word_1_415' title='bbox 912 3485 950 3542; x_wconf 90' lang='lat' dir='ltr'>et</span> <span class='ocrx_word' id='word_1_416' title='bbox 976 3488 1162 3546; x_wconf 89' lang='lat' dir='ltr'>mortuum</span> <span class='ocrx_word' id='word_1_417' title='bbox 1190 3501 1265 3548; x_wconf 90' lang='lat' dir='ltr'>esse</span> <span class='ocrx_word' id='word_1_418' title='bbox 1317 3476 1450 3546; x_wconf 83' lang='lat' dir='ltr'>auxilia</span> <span class='ocrx_word' id='word_1_419' title='bbox 1473 3479 1542 3549; x_wconf 91' lang='lat' dir='ltr'>sibi</span> <span class='ocrx_word' id='word_1_420' title='bbox 1566 3503 1739 3574; x_wconf 88' lang='lat' dir='ltr'>quaerere</span> <span class='ocrx_word' id='word_1_421' title='bbox 1761 3481 1858 3564; x_wconf 85' lang='lat' dir='ltr'>vult,</span> <span class='ocrx_word' id='word_1_422' title='bbox 1884 3481 2063 3573; x_wconf 89' lang='lat' dir='ltr'>cumipse</span> <span class='ocrx_word' id='word_1_423' title='bbox 2088 3465 2250 3567; x_wconf 71' lang='lat' dir='ltr'>unncpostt&#39;l</span> 
     </span>
     <span class='ocr_line' id='line_1_33' title="bbox 269 3575 2250 3680; baseline 0.003 -33"><span class='ocrx_word' id='word_1_424' title='bbox 269 3578 436 3674; x_wconf 87' lang='lat' dir='ltr'>(allatum</span> <span class='ocrx_word' id='word_1_425' title='bbox 456 3575 551 3646; x_wconf 90' lang='lat' dir='ltr'>enim</span> <span class='ocrx_word' id='word_1_426' title='bbox 569 3587 621 3646; x_wconf 88' lang='lat' dir='ltr'>est</span> <span class='ocrx_word' id='word_1_427' title='bbox 635 3575 868 3676; x_wconf 90' lang='lat' dir='ltr'>utrumque),</span> <span class='ocrx_word' id='word_1_428' title='bbox 894 3601 970 3647; x_wconf 92' lang='lat' dir='ltr'>non</span> <span class='ocrx_word' id='word_1_429' title='bbox 984 3577 1139 3671; x_wconf 89' lang='lat' dir='ltr'>amplius</span> <span class='ocrx_word' id='word_1_430' title='bbox 1152 3581 1263 3651; x_wconf 88' lang='lat' dir='ltr'>ullam</span> <span class='ocrx_word' id='word_1_431' title='bbox 1317 3579 1484 3650; x_wconf 84' lang='lat' dir='ltr'>auxiliari</span> <span class='ocrx_word' id='word_1_432' title='bbox 1507 3583 1598 3655; x_wconf 88' lang='lat' dir='ltr'>aliis.</span> <span class='ocrx_word' id='word_1_433' title='bbox 1660 3584 1772 3678; x_wconf 83' lang='lat' dir='ltr'>Quod</span> <span class='ocrx_word' id='word_1_434' title='bbox 1798 3582 1895 3653; x_wconf 89' lang='lat' dir='ltr'>enirn</span> <span class='ocrx_word' id='word_1_435' title='bbox 1910 3581 1959 3680; x_wconf 80' lang='lat'>⁰⁸)</span> <span class='ocrx_word' id='word_1_436' title='bbox 1989 3609 2033 3654; x_wconf 91' lang='lat' dir='ltr'>eo</span> <span class='ocrx_word' id='word_1_437' title='bbox 2060 3585 2198 3656; x_wconf 87' lang='lat' dir='ltr'>recident</span> <span class='ocrx_word' id='word_1_438' title='bbox 2213 3597 2250 3652; x_wconf 78' lang='lat' dir='ltr'>re,</span> 
     </span>
     <span class='ocr_line' id='line_1_34' title="bbox 268 3678 2261 3780; baseline 0.006 -29"><span class='ocrx_word' id='word_1_439' title='bbox 268 3681 411 3754; x_wconf 75' lang='lat' dir='ltr'>feruidi</span> <span class='ocrx_word' id='word_1_440' title='bbox 439 3678 562 3750; x_wconf 82' lang='lat' dir='ltr'>auxilii</span> <span class='ocrx_word' id='word_1_441' title='bbox 593 3679 816 3752; x_wconf 88' lang='lat' dir='ltr'>occasionem</span> <span class='ocrx_word' id='word_1_442' title='bbox 840 3691 1026 3772; x_wconf 90' lang='lat' dir='ltr'>putantes,</span> <span class='ocrx_word' id='word_1_443' title='bbox 1067 3681 1265 3770; x_wconf 87' lang='lat' dir='ltr'>dimisistis,</span> <span class='ocrx_word' id='word_1_444' title='bbox 1317 3683 1349 3752; x_wconf 89' lang='lat' dir='ltr'>si</span> <span class='ocrx_word' id='word_1_445' title='bbox 1368 3686 1571 3776; x_wconf 87' lang='lat' dir='ltr'>praesentia</span> <span class='ocrx_word' id='word_1_446' title='bbox 1590 3689 1832 3780; x_wconf 86' lang='lat' dir='ltr'>negligamus,</span> <span class='ocrx_word' id='word_1_447' title='bbox 1856 3687 2033 3762; x_wconf 86' lang='lat' dir='ltr'>nimirum</span> <span class='ocrx_word' id='word_1_448' title='bbox 2052 3689 2261 3764; x_wconf 69' lang='lat' dir='ltr'>scimusterfflt</span> 
     </span>
     <span class='ocr_line' id='line_1_35' title="bbox 270 3779 2249 3888; baseline -0.002 -34"><span class='ocrx_word' id='word_1_449' title='bbox 270 3809 293 3854; x_wconf 92' lang='lat' dir='ltr'>o</span> <span class='ocrx_word' id='word_1_450' title='bbox 310 3783 380 3853; x_wconf 84' lang='lat' dir='ltr'>viri</span> <span class='ocrx_word' id='word_1_451' title='bbox 394 3779 647 3868; x_wconf 87' lang='lat' dir='ltr'>Athenienses,</span> <span class='ocrx_word' id='word_1_452' title='bbox 674 3783 794 3855; x_wconf 88' lang='lat' dir='ltr'>classis</span> <span class='ocrx_word' id='word_1_453' title='bbox 812 3786 1044 3877; x_wconf 84' lang='lat' dir='ltr'>praesectum.</span> <span class='ocrx_word' id='word_1_454' title='bbox 1095 3783 1186 3858; x_wconf 87' lang='lat' dir='ltr'>Erat</span> <span class='ocrx_word' id='word_1_455' title='bbox 1202 3812 1265 3860; x_wconf 88' lang='lat' dir='ltr'>au·</span> <span class='ocrx_word' id='word_1_456' title='bbox 1318 3810 1455 3860; x_wconf 87' lang='lat' dir='ltr'>omncs.</span> <span class='ocrx_word' id='word_1_457' title='bbox 1507 3789 1577 3861; x_wconf 90' lang='lat' dir='ltr'>Sed</span> <span class='ocrx_word' id='word_1_458' title='bbox 1601 3779 1700 3888; x_wconf 89' lang='lat' dir='ltr'>quod</span> <span class='ocrx_word' id='word_1_459' title='bbox 1722 3806 1816 3862; x_wconf 89' lang='lat' dir='ltr'>certe</span> <span class='ocrx_word' id='word_1_460' title='bbox 1838 3791 2015 3866; x_wconf 86' lang='lat' dir='ltr'>auxilium</span> <span class='ocrx_word' id='word_1_461' title='bbox 2036 3796 2124 3866; x_wconf 89' lang='lat' dir='ltr'>serre</span> <span class='ocrx_word' id='word_1_462' title='bbox 2140 3791 2249 3886; x_wconf 80' lang='lat' dir='ltr'>oporteat</span> 
     </span>
     <span class='ocr_line' id='line_1_36' title="bbox 270 3881 2248 3992; baseline 0.007 -36"><span class='ocrx_word' id='word_1_463' title='bbox 270 3899 341 3956; x_wconf 85' lang='lat' dir='ltr'>tem</span> <span class='ocrx_word' id='word_1_464' title='bbox 368 3881 455 3954; x_wconf 88' lang='lat' dir='ltr'>haec</span> <span class='ocrx_word' id='word_1_465' title='bbox 482 3898 559 3954; x_wconf 86' lang='lat' dir='ltr'>turn</span> <span class='ocrx_word' id='word_1_466' title='bbox 583 3886 722 3956; x_wconf 84' lang='lat' dir='ltr'>occasio</span> <span class='ocrx_word' id='word_1_467' title='bbox 745 3886 835 3978; x_wconf 88' lang='lat' dir='ltr'>ipsa.</span> <span class='ocrx_word' id='word_1_468' title='bbox 901 3885 1059 3957; x_wconf 81' lang='lat' dir='ltr'>sienim</span> <span class='ocrx_word' id='word_1_469' title='bbox 1083 3902 1170 3960; x_wconf 90' lang='lat' dir='ltr'>tune</span> <span class='ocrx_word' id='word_1_470' title='bbox 1192 3891 1265 3962; x_wconf 91' lang='lat' dir='ltr'>illic</span> <span class='ocrx_word' id='word_1_471' title='bbox 1317 3885 1465 3986; x_wconf 80' lang='lat' dir='ltr'>(dixerit</span> <span class='ocrx_word' id='word_1_472' title='bbox 1480 3893 1647 3992; x_wconf 89' lang='lat' dir='ltr'>aliquis),</span> <span class='ocrx_word' id='word_1_473' title='bbox 1673 3921 1798 3968; x_wconf 89' lang='lat' dir='ltr'>omnes</span> <span class='ocrx_word' id='word_1_474' title='bbox 1821 3895 2011 3982; x_wconf 85' lang='lat' dir='ltr'>novimus,</span> <span class='ocrx_word' id='word_1_475' title='bbox 2039 3913 2074 3969; x_wconf 91' lang='lat' dir='ltr'>et</span> <span class='ocrx_word' id='word_1_476' title='bbox 2094 3897 2248 3970; x_wconf 67' lang='lat' dir='ltr'>auxilinmut</span> 
     </span>
     <span class='ocr_line' id='line_1_37' title="bbox 268 3988 2249 4095; baseline -0.001 -35"><span class='ocrx_word' id='word_1_477' title='bbox 268 3988 583 4074; x_wconf 82' lang='lat' dir='ltr'>succurrissemus,</span> <span class='ocrx_word' id='word_1_478' title='bbox 617 3991 925 4082; x_wconf 86' lang='lat' dir='ltr'>quemadmodum</span> <span class='ocrx_word' id='word_1_479' title='bbox 951 3990 1117 4062; x_wconf 89' lang='lat' dir='ltr'>alacriter</span> <span class='ocrx_word' id='word_1_480' title='bbox 1144 3995 1265 4066; x_wconf 90' lang='lat' dir='ltr'>decre-</span> <span class='ocrx_word' id='word_1_481' title='bbox 1316 4018 1421 4078; x_wconf 75' lang='lat' dir='ltr'>sane3</span> <span class='ocrx_word' id='word_1_482' title='bbox 1447 4022 1574 4068; x_wconf 89' lang='lat' dir='ltr'>verum</span> <span class='ocrx_word' id='word_1_483' title='bbox 1590 3998 1653 4095; x_wconf 93' lang='lat' dir='ltr'>qui</span> <span class='ocrx_word' id='word_1_484' title='bbox 1666 4001 1704 4070; x_wconf 93' lang='lat' dir='ltr'>id</span> <span class='ocrx_word' id='word_1_485' title='bbox 1716 3999 1845 4072; x_wconf 91' lang='lat' dir='ltr'>debeat</span> <span class='ocrx_word' id='word_1_486' title='bbox 1859 4000 1956 4086; x_wconf 87' lang='lat' dir='ltr'>fieri,</span> <span class='ocrx_word' id='word_1_487' title='bbox 1983 4001 2073 4075; x_wconf 88' lang='lat' dir='ltr'>istuc</span> <span class='ocrx_word' id='word_1_488' title='bbox 2087 4026 2162 4072; x_wconf 86' lang='lat' dir='ltr'>vero</span> <span class='ocrx_word' id='word_1_489' title='bbox 2175 3993 2249 4067; x_wconf 79' lang='lat' dir='ltr'>dicito</span> 
     </span>
     <span class='ocr_line' id='line_1_38' title="bbox 269 4085 2249 4197; baseline 0.007 -36"><span class='ocrx_word' id='word_1_490' title='bbox 269 4116 456 4176; x_wconf 74' lang='lat' dir='ltr'>vetamus,</span> <span class='ocrx_word' id='word_1_491' title='bbox 480 4114 557 4161; x_wconf 90' lang='lat' dir='ltr'>non</span> <span class='ocrx_word' id='word_1_492' title='bbox 581 4104 673 4162; x_wconf 90' lang='lat' dir='ltr'>esset</span> <span class='ocrx_word' id='word_1_493' title='bbox 697 4117 794 4162; x_wconf 91' lang='lat' dir='ltr'>nunc</span> <span class='ocrx_word' id='word_1_494' title='bbox 813 4093 985 4164; x_wconf 88' lang='lat' dir='ltr'>molestus</span> <span class='ocrx_word' id='word_1_495' title='bbox 1007 4095 1112 4166; x_wconf 90' lang='lat' dir='ltr'>nobis</span> <span class='ocrx_word' id='word_1_496' title='bbox 1126 4092 1264 4190; x_wconf 91' lang='lat' dir='ltr'>Philip·</span> <span class='ocrx_word' id='word_1_497' title='bbox 1315 4097 1391 4170; x_wconf 87' lang='lat' dir='ltr'>Nec</span> <span class='ocrx_word' id='word_1_498' title='bbox 1419 4099 1550 4192; x_wconf 88' lang='lat' dir='ltr'>igitur,</span> <span class='ocrx_word' id='word_1_499' title='bbox 1588 4103 1659 4171; x_wconf 89' lang='lat' dir='ltr'>viri</span> <span class='ocrx_word' id='word_1_500' title='bbox 1684 4099 1941 4190; x_wconf 78' lang='lat' dir='ltr'>Athenierues,</span> <span class='ocrx_word' id='word_1_501' title='bbox 1979 4104 2153 4177; x_wconf 88' lang='lat' dir='ltr'>miremini</span> <span class='ocrx_word' id='word_1_502' title='bbox 2168 4085 2249 4197; x_wconf 68' lang='lat' dir='ltr'>⁸⁰),ti</span> 
     </span>
     <span class='ocr_line' id='line_1_39' title="bbox 268 4193 2248 4304; baseline 0.002 -39"><span class='ocrx_word' id='word_1_503' title='bbox 268 4219 356 4287; x_wconf 90' lang='lat' dir='ltr'>pus,</span> <span class='ocrx_word' id='word_1_504' title='bbox 378 4207 463 4264; x_wconf 89' lang='lat' dir='ltr'>tunc</span> <span class='ocrx_word' id='word_1_505' title='bbox 478 4193 684 4266; x_wconf 88' lang='lat' dir='ltr'>valetudine</span> <span class='ocrx_word' id='word_1_506' title='bbox 701 4195 896 4267; x_wconf 87' lang='lat' dir='ltr'>restitutus.</span> <span class='ocrx_word' id='word_1_507' title='bbox 934 4195 1038 4290; x_wconf 86' lang='lat' dir='ltr'>Quae</span> <span class='ocrx_word' id='word_1_508' title='bbox 1054 4197 1165 4290; x_wconf 86' lang='lat' dir='ltr'>igitur</span> <span class='ocrx_word' id='word_1_509' title='bbox 1179 4213 1265 4272; x_wconf 92' lang='lat' dir='ltr'>tunc</span> <span class='ocrx_word' id='word_1_510' title='bbox 1317 4201 1405 4297; x_wconf 90' lang='lat' dir='ltr'>quid</span> <span class='ocrx_word' id='word_1_511' title='bbox 1424 4205 1549 4275; x_wconf 81' lang='lat' dir='ltr'>dixero</span> <span class='ocrx_word' id='word_1_512' title='bbox 1570 4205 1799 4299; x_wconf 89' lang='lat' dir='ltr'>inopinatum</span> <span class='ocrx_word' id='word_1_513' title='bbox 1822 4207 2016 4304; x_wconf 86' lang='lat' dir='ltr'>plerisque.</span> <span class='ocrx_word' id='word_1_514' title='bbox 2072 4207 2248 4300; x_wconf 72' lang='lat' dir='ltr'>Legislatort</span> 
     </span>
     <span class='ocr_line' id='line_1_40' title="bbox 300 4295 2246 4452; baseline 0.002 -78"><span class='ocrx_word' id='word_1_515' title='bbox 300 4401 337 4452; x_wconf 59' lang='lat' dir='ltr'><strong><em>w</em></strong></span> <span class='ocrx_word' id='word_1_516' title='bbox 377 4401 400 4449; x_wconf 61' lang='lat' dir='ltr'>u</span> <span class='ocrx_word' id='word_1_517' title='bbox 427 4399 437 4448; x_wconf 67' lang='grc'>1</span> <span class='ocrx_word' id='word_1_518' title='bbox 470 4397 479 4446; x_wconf 59' lang='grc' dir='ltr'>Ι</span> <span class='ocrx_word' id='word_1_519' title='bbox 516 4395 557 4446; x_wconf 57' lang='grc' dir='ltr'><strong><em>Μ</em></strong></span> <span class='ocrx_word' id='word_1_520' title='bbox 586 4394 670 4448; x_wconf 61' lang='lat' dir='ltr'><em>m</em></span> <span class='ocrx_word' id='word_1_521' title='bbox 732 4398 744 4445; x_wconf 84' lang='lat' dir='ltr'>t</span> <span class='ocrx_word' id='word_1_522' title='bbox 907 4395 960 4446; x_wconf 39' lang='lat' dir='ltr'>u·</span> <span class='ocrx_word' id='word_1_523' title='bbox 989 4397 1029 4450; x_wconf 53' lang='lat' dir='ltr'>c·</span> <span class='ocrx_word' id='word_1_524' title='bbox 1235 4404 1241 4418; x_wconf 31' lang='grc' dir='ltr'>ι</span> <span class='ocrx_word' id='word_1_525' title='bbox 1317 4306 1543 4394; x_wconf 89' lang='lat' dir='ltr'>constituite,</span> <span class='ocrx_word' id='word_1_526' title='bbox 1568 4309 1622 4399; x_wconf 71' lang='lat' dir='ltr'>⁸in</span> <span class='ocrx_word' id='word_1_527' title='bbox 1650 4306 1718 4429; x_wconf 79' lang='lat' dir='ltr'>hos</span> <span class='ocrx_word' id='word_1_528' title='bbox 1741 4334 1828 4382; x_wconf 85' lang='lat' dir='ltr'>vero</span> <span class='ocrx_word' id='word_1_529' title='bbox 1853 4335 1900 4380; x_wconf 90' lang='lat' dir='ltr'>ne</span> <span class='ocrx_word' id='word_1_530' title='bbox 1933 4311 2050 4403; x_wconf 88' lang='lat' dir='ltr'>legem</span> <span class='ocrx_word' id='word_1_531' title='bbox 2079 4308 2198 4408; x_wconf 86' lang='lat' dir='ltr'>ponatis</span> <span class='ocrx_word' id='word_1_532' title='bbox 2219 4295 2246 4368; x_wconf 76' lang='lat' dir='ltr'>ul·</span> 
     </span>
     <span class='ocr_line' id='line_1_41' title="bbox 336 4394 2247 4534; baseline 0.002 -16"><span class='ocrx_word' id='word_1_533' title='bbox 336 4404 425 4532; x_wconf 64' lang='lat' dir='ltr'>aa,</span> <span class='ocrx_word' id='word_1_534' title='bbox 695 4394 982 4534; x_wconf 60' lang='lat' dir='ltr'>creasses</span> <span class='ocrx_word' id='word_1_535' title='bbox 1133 4403 1265 4525; x_wconf 70' lang='lat' dir='ltr'>ctae</span> <span class='ocrx_word' id='word_1_536' title='bbox 1315 4407 1391 4478; x_wconf 64' lang='lat' dir='ltr'>sm</span> <span class='ocrx_word' id='word_1_537' title='bbox 1415 4407 1495 4530; x_wconf 61' lang='grc' dir='ltr'>ιι</span> <span class='ocrx_word' id='word_1_538' title='bbox 1522 4424 1608 4483; x_wconf 70' lang='lat' dir='ltr'>sunt</span> <span class='ocrx_word' id='word_1_539' title='bbox 1749 4413 1852 4516; x_wconf 64' lang='lat' dir='ltr'>vos</span> <span class='ocrx_word' id='word_1_540' title='bbox 1874 4415 2023 4488; x_wconf 67' lang='lat' dir='ltr'>mooe·</span> <span class='ocrx_word' id='word_1_541' title='bbox 2053 4415 2193 4488; x_wconf 58' lang='lat' dir='ltr'>terum</span> <span class='ocrx_word' id='word_1_542' title='bbox 2209 4423 2247 4522; x_wconf 69' lang='lat' dir='ltr'>o</span> 
     </span>
     <span class='ocr_line' id='line_1_42' title="bbox 338 4508 2259 4609; baseline 0 -21"><span class='ocrx_word' id='word_1_543' title='bbox 338 4537 453 4588; x_wconf 65' lang='lat' dir='ltr'>ransom</span> <span class='ocrx_word' id='word_1_544' title='bbox 470 4533 549 4599; x_wconf 75' lang='lat' dir='ltr'>prro·</span> <span class='ocrx_word' id='word_1_545' title='bbox 566 4537 676 4600; x_wconf 74' lang='lat' dir='ltr'>orpus,</span> <span class='ocrx_word' id='word_1_546' title='bbox 693 4534 905 4599; x_wconf 73' lang='lat' dir='ltr'>utercumque</span> <span class='ocrx_word' id='word_1_547' title='bbox 922 4539 1046 4592; x_wconf 71' lang='lat' dir='ltr'>monast</span> <span class='ocrx_word' id='word_1_548' title='bbox 1317 4537 1409 4608; x_wconf 89' lang='lat' dir='ltr'>quae</span> <span class='ocrx_word' id='word_1_549' title='bbox 1440 4538 1480 4584; x_wconf 89' lang='grc' dir='ltr'>ιιι</span> <span class='ocrx_word' id='word_1_550' title='bbox 1503 4539 1673 4609; x_wconf 89' lang='lat' dir='ltr'>praesens</span> <span class='ocrx_word' id='word_1_551' title='bbox 1699 4517 1802 4590; x_wconf 86' lang='lat' dir='ltr'>vobis</span> <span class='ocrx_word' id='word_1_552' title='bbox 1832 4530 1984 4603; x_wconf 90' lang='lat' dir='ltr'>nocent,</span> <span class='ocrx_word' id='word_1_553' title='bbox 2015 4519 2145 4592; x_wconf 85' lang='lat' dir='ltr'>solvite.</span> <span class='ocrx_word' id='word_1_554' title='bbox 2195 4508 2259 4579; x_wconf 57' lang='grc' dir='ltr'>Ι)ιίοῚ</span> 
     </span>
     <span class='ocr_line' id='line_1_43' title="bbox 301 4618 1266 4741; baseline 0.003 -71"><span class='ocrx_word' id='word_1_555' title='bbox 301 4621 355 4739; x_wconf 61' lang='lat' dir='ltr'>alp</span> <span class='ocrx_word' id='word_1_556' title='bbox 377 4625 410 4674; x_wconf 84' lang='lat' dir='ltr'>n.</span> <span class='ocrx_word' id='word_1_557' title='bbox 429 4620 570 4741; x_wconf 57' lang='lat' dir='ltr'>teppmtd.</span> <span class='ocrx_word' id='word_1_558' title='bbox 589 4618 767 4739; x_wconf 45' lang='lat' dir='ltr'>”huntam</span> <span class='ocrx_word' id='word_1_559' title='bbox 790 4621 926 4686; x_wconf 65' lang='lat' dir='ltr'>margin:</span> <span class='ocrx_word' id='word_1_560' title='bbox 952 4624 1085 4688; x_wconf 76' lang='lat' dir='ltr'>urcnpto</span> <span class='ocrx_word' id='word_1_561' title='bbox 1107 4625 1266 4696; x_wconf 74' lang='lat' dir='ltr'>neglectapn</span> 
     </span>
     <span class='ocr_line' id='line_1_44' title="bbox 356 4701 702 4742; baseline 0.006 -2"><span class='ocrx_word' id='word_1_562' title='bbox 356 4702 404 4740; x_wconf 75' lang='lat' dir='ltr'>m</span> <span class='ocrx_word' id='word_1_563' title='bbox 420 4703 453 4742; x_wconf 81' lang='lat'>00</span> <span class='ocrx_word' id='word_1_564' title='bbox 533 4701 595 4739; x_wconf 82' lang='lat' dir='ltr'>nem</span> <span class='ocrx_word' id='word_1_565' title='bbox 631 4701 702 4742; x_wconf 70' lang='lat'>000·</span> 
     </span>
    </p>
   </div>
   <div class='ocr_carea' id='block_1_3' title="bbox 300 4757 2243 4916">
    <p class='ocr_par' dir='ltr' id='par_1_3' title="bbox 300 4757 2243 4916">
     <span class='ocr_line' id='line_1_45' title="bbox 300 4757 2236 4843; baseline 0.006 -19"><span class='ocrx_word' id='word_1_566' title='bbox 300 4773 351 4835; x_wconf 79' lang='lat' dir='ltr'>aa)</span> <span class='ocrx_word' id='word_1_567' title='bbox 371 4777 404 4824; x_wconf 88' lang='grc' dir='ltr'>ιι.</span> <span class='ocrx_word' id='word_1_568' title='bbox 422 4774 441 4825; x_wconf 92' lang='grc' dir='ltr'>ι.</span> <span class='ocrx_word' id='word_1_569' title='bbox 460 4775 488 4824; x_wconf 79' lang='lat' dir='ltr'>u</span> <span class='ocrx_word' id='word_1_570' title='bbox 502 4773 551 4827; x_wconf 83' lang='lat' dir='ltr'>ra.</span> <span class='ocrx_word' id='word_1_571' title='bbox 574 4773 659 4830; x_wconf 75' lang='lat' dir='ltr'>auu</span> <span class='ocrx_word' id='word_1_572' title='bbox 677 4777 745 4828; x_wconf 80' lang='lat' dir='ltr'>ocu</span> <span class='ocrx_word' id='word_1_573' title='bbox 762 4773 898 4841; x_wconf 62' lang='lat' dir='ltr'>aarum</span> <span class='ocrx_word' id='word_1_574' title='bbox 915 4777 1059 4843; x_wconf 75' lang='lat' dir='ltr'>reuporu</span> <span class='ocrx_word' id='word_1_575' title='bbox 1073 4777 1264 4834; x_wconf 76' lang='lat' dir='ltr'>:mmmun-</span> <span class='ocrx_word' id='word_1_576' title='bbox 1349 4759 1401 4820; x_wconf 56' lang='grc' dir='ltr'>κ)</span> <span class='ocrx_word' id='word_1_577' title='bbox 1418 4759 1454 4814; x_wconf 84' lang='lat'>¹·</span> <span class='ocrx_word' id='word_1_578' title='bbox 1471 4759 1492 4812; x_wconf 85' lang='lat'>¹·</span> <span class='ocrx_word' id='word_1_579' title='bbox 1510 4757 1538 4810; x_wconf 82' lang='lat'>¹¹¹</span> <span class='ocrx_word' id='word_1_580' title='bbox 1556 4757 1609 4824; x_wconf 59' lang='lat' dir='ltr'>”A</span> <span class='ocrx_word' id='word_1_581' title='bbox 1627 4758 1713 4810; x_wconf 63' lang='grc' dir='ltr'>Μ·</span> <span class='ocrx_word' id='word_1_582' title='bbox 1731 4760 1800 4814; x_wconf 77' lang='lat' dir='ltr'>nota</span> <span class='ocrx_word' id='word_1_583' title='bbox 1816 4759 1950 4826; x_wconf 67' lang='lat' dir='ltr'>nuum</span> <span class='ocrx_word' id='word_1_584' title='bbox 1971 4760 2084 4816; x_wconf 58' lang='grc' dir='ltr'><em>Μ</em></span> <span class='ocrx_word' id='word_1_585' title='bbox 2098 4761 2212 4823; x_wconf 59' lang='grc' dir='ltr'>ΡΜ*</span> <span class='ocrx_word' id='word_1_586' title='bbox 2231 4823 2236 4836; x_wconf 93' lang='grc'><strong>.</strong></span> 
     </span>
     <span class='ocr_line' id='line_1_46' title="bbox 336 4832 2243 4916; baseline -0.009 -8"><span class='ocrx_word' id='word_1_587' title='bbox 336 4843 377 4894; x_wconf 72' lang='lat'>⁸¹⁸</span> <span class='ocrx_word' id='word_1_588' title='bbox 393 4844 429 4893; x_wconf 81' lang='lat' dir='ltr'>sa</span> <span class='ocrx_word' id='word_1_589' title='bbox 447 4840 586 4896; x_wconf 65' lang='lat' dir='ltr'>astruam.</span> <span class='ocrx_word' id='word_1_590' title='bbox 1349 4846 1400 4906; x_wconf 80' lang='lat' dir='ltr'>ar)</span> <span class='ocrx_word' id='word_1_591' title='bbox 1424 4847 1458 4898; x_wconf 88' lang='grc' dir='ltr'>ιι.</span> <span class='ocrx_word' id='word_1_592' title='bbox 1481 4846 1501 4897; x_wconf 81' lang='grc' dir='ltr'>ι.</span> <span class='ocrx_word' id='word_1_593' title='bbox 1523 4845 1555 4896; x_wconf 81' lang='grc' dir='ltr'>ιιι</span> <span class='ocrx_word' id='word_1_594' title='bbox 1572 4846 1625 4900; x_wconf 82' lang='grc' dir='ltr'><strong>ιιι.</strong></span> <span class='ocrx_word' id='word_1_595' title='bbox 1642 4846 1728 4898; x_wconf 70' lang='lat' dir='ltr'>rasti.</span> <span class='ocrx_word' id='word_1_596' title='bbox 1755 4850 1822 4899; x_wconf 77' lang='lat' dir='ltr'>nou</span> <span class='ocrx_word' id='word_1_597' title='bbox 1845 4849 1978 4916; x_wconf 66' lang='lat' dir='ltr'>mugra:</span> <span class='ocrx_word' id='word_1_598' title='bbox 2001 4832 2243 4914; x_wconf 62' lang='lat' dir='ltr'>prorumpente</span> 
     </span>
    </p>
   </div>
   <div class='ocr_carea' id='block_1_4' title="bbox 170 4913 2232 4998">
    <p class='ocr_par' dir='ltr' id='par_1_4' title="bbox 170 4913 2232 4998">
     <span class='ocr_line' id='line_1_47' title="bbox 170 4913 2232 4998; baseline -0.009 -19"><span class='ocrx_word' id='word_1_599' title='bbox 170 4989 172 4998; x_wconf 22' lang='lat' dir='ltr'>y</span> <span class='ocrx_word' id='word_1_600' title='bbox 299 4925 1263 4996; x_wconf 69' lang='lat' dir='ltr'>aen)amtttersjstcra.rssu.;reiterare-laer..11„p.</span> <span class='ocrx_word' id='word_1_601' title='bbox 1330 4928 1332 4936; x_wconf 84' lang='grc'><strong>’</strong></span> <span class='ocrx_word' id='word_1_602' title='bbox 1385 4916 1414 4965; x_wconf 80' lang='lat' dir='ltr'>ct</span> <span class='ocrx_word' id='word_1_603' title='bbox 1431 4913 1529 4965; x_wconf 83' lang='lat' dir='ltr'>lnctsts</span> <span class='ocrx_word' id='word_1_604' title='bbox 1548 4927 1609 4966; x_wconf 85' lang='lat' dir='ltr'>rem</span> <span class='ocrx_word' id='word_1_605' title='bbox 1626 4915 1693 4966; x_wconf 79' lang='lat' dir='ltr'>lectt</span> <span class='ocrx_word' id='word_1_606' title='bbox 1709 4917 1878 4967; x_wconf 80' lang='lat' dir='ltr'>rtroctoren</span> <span class='ocrx_word' id='word_1_607' title='bbox 1896 4917 2037 4984; x_wconf 78' lang='lat' dir='ltr'>magisque</span> <span class='ocrx_word' id='word_1_608' title='bbox 2055 4914 2232 4990; x_wconf 37' lang='lat' dir='ltr'>conspicua·</span> 
     </span>
    </p>
   </div>
   <div class='ocr_carea' id='block_1_5' title="bbox 335 4987 2258 5071">
    <p class='ocr_par' dir='ltr' id='par_1_5' title="bbox 335 4987 2258 5071">
     <span class='ocr_line' id='line_1_48' title="bbox 335 4987 2258 5071; baseline -0.016 -2"><span class='ocrx_word' id='word_1_609' title='bbox 335 4999 406 5051; x_wconf 74' lang='lat'><strong>²⁶¹⁰·</strong></span> <span class='ocrx_word' id='word_1_610' title='bbox 1350 4999 1400 5061; x_wconf 81' lang='lat' dir='ltr'>se)</span> <span class='ocrx_word' id='word_1_611' title='bbox 1424 5002 1459 5055; x_wconf 93' lang='grc' dir='ltr'>ιι.</span> <span class='ocrx_word' id='word_1_612' title='bbox 1475 5001 1496 5051; x_wconf 94' lang='grc' dir='ltr'>ι.</span> <span class='ocrx_word' id='word_1_613' title='bbox 1522 5001 1551 5051; x_wconf 79' lang='grc' dir='ltr'>ιιι</span> <span class='ocrx_word' id='word_1_614' title='bbox 1569 4999 1620 5054; x_wconf 82' lang='lat' dir='ltr'>ro.</span> <span class='ocrx_word' id='word_1_615' title='bbox 1638 4999 1724 5051; x_wconf 74' lang='grc' dir='ltr'><strong>ιιιιι.</strong></span> <span class='ocrx_word' id='word_1_616' title='bbox 1742 5002 1809 5052; x_wconf 71' lang='lat' dir='ltr'>noca</span> <span class='ocrx_word' id='word_1_617' title='bbox 1826 5003 1960 5066; x_wconf 68' lang='lat' dir='ltr'>margin:</span> <span class='ocrx_word' id='word_1_618' title='bbox 1992 5003 2123 5054; x_wconf 72' lang='lat' dir='ltr'>maenus</span> <span class='ocrx_word' id='word_1_619' title='bbox 2140 4987 2240 5060; x_wconf 66' lang='lat' dir='ltr'>sponso</span> <span class='ocrx_word' id='word_1_620' title='bbox 2257 4997 2258 5071; x_wconf 62' lang='lat' dir='ltr'>p</span> 
     </span>
    </p>
   </div>
   <div class='ocr_carea' id='block_1_6' title="bbox 298 5069 2257 5366">
    <p class='ocr_par' dir='ltr' id='par_1_6' title="bbox 298 5069 2257 5366">
     <span class='ocr_line' id='line_1_49' title="bbox 298 5069 2009 5149; baseline 0 -13"><span class='ocrx_word' id='word_1_621' title='bbox 298 5085 350 5142; x_wconf 74' lang='lat' dir='ltr'>aa&gt;</span> <span class='ocrx_word' id='word_1_622' title='bbox 369 5085 401 5137; x_wconf 83' lang='lat' dir='ltr'>u</span> <span class='ocrx_word' id='word_1_623' title='bbox 418 5083 437 5134; x_wconf 92' lang='grc' dir='ltr'>ι.</span> <span class='ocrx_word' id='word_1_624' title='bbox 456 5083 485 5133; x_wconf 81' lang='grc' dir='ltr'>ιιι</span> <span class='ocrx_word' id='word_1_625' title='bbox 503 5083 552 5136; x_wconf 78' lang='lat' dir='ltr'>ra</span> <span class='ocrx_word' id='word_1_626' title='bbox 571 5083 655 5134; x_wconf 71' lang='lat' dir='ltr'>rosor.</span> <span class='ocrx_word' id='word_1_627' title='bbox 674 5085 742 5135; x_wconf 76' lang='lat' dir='ltr'>nors</span> <span class='ocrx_word' id='word_1_628' title='bbox 758 5082 894 5149; x_wconf 70' lang='lat' dir='ltr'>nugor:</span> <span class='ocrx_word' id='word_1_629' title='bbox 912 5083 954 5135; x_wconf 81' lang='grc' dir='ltr'>ιιι</span> <span class='ocrx_word' id='word_1_630' title='bbox 971 5085 1045 5138; x_wconf 75' lang='lat' dir='ltr'>sun</span> <span class='ocrx_word' id='word_1_631' title='bbox 1059 5089 1143 5138; x_wconf 75' lang='lat' dir='ltr'>ssu·</span> <span class='ocrx_word' id='word_1_632' title='bbox 1169 5086 1263 5140; x_wconf 72' lang='lat' dir='ltr'>vum·</span> <span class='ocrx_word' id='word_1_633' title='bbox 1383 5069 1509 5134; x_wconf 68' lang='lat' dir='ltr'>aequom</span> <span class='ocrx_word' id='word_1_634' title='bbox 1525 5070 1616 5124; x_wconf 71' lang='lat' dir='ltr'>nrm</span> <span class='ocrx_word' id='word_1_635' title='bbox 1635 5082 1721 5137; x_wconf 68' lang='lat' dir='ltr'>pars,</span> <span class='ocrx_word' id='word_1_636' title='bbox 1739 5081 1792 5134; x_wconf 71' lang='lat' dir='ltr'>quo</span> <span class='ocrx_word' id='word_1_637' title='bbox 1811 5075 1892 5134; x_wconf 69' lang='lat' dir='ltr'>recto</span> <span class='ocrx_word' id='word_1_638' title='bbox 1909 5072 2009 5136; x_wconf 65' lang='lat' dir='ltr'>socru</span> 
     </span>
     <span class='ocr_line' id='line_1_50' title="bbox 335 5133 2257 5224; baseline -0.002 -22"><span class='ocrx_word' id='word_1_639' title='bbox 335 5156 398 5220; x_wconf 83' lang='lat' dir='ltr'>eat,</span> <span class='ocrx_word' id='word_1_640' title='bbox 417 5154 447 5204; x_wconf 82' lang='lat' dir='ltr'>et</span> <span class='ocrx_word' id='word_1_641' title='bbox 464 5153 536 5204; x_wconf 82' lang='lat' dir='ltr'>betto</span> <span class='ocrx_word' id='word_1_642' title='bbox 554 5153 673 5204; x_wconf 72' lang='lat' dir='ltr'>mantne</span> <span class='ocrx_word' id='word_1_643' title='bbox 689 5153 800 5208; x_wconf 78' lang='lat' dir='ltr'>tronea.</span> <span class='ocrx_word' id='word_1_644' title='bbox 1349 5157 1399 5217; x_wconf 77' lang='grc'>99)</span> <span class='ocrx_word' id='word_1_645' title='bbox 1423 5159 1456 5207; x_wconf 83' lang='lat' dir='ltr'>tl.</span> <span class='ocrx_word' id='word_1_646' title='bbox 1475 5159 1493 5208; x_wconf 81' lang='lat' dir='ltr'>l.</span> <span class='ocrx_word' id='word_1_647' title='bbox 1512 5157 1542 5208; x_wconf 84' lang='lat' dir='ltr'>tn</span> <span class='ocrx_word' id='word_1_648' title='bbox 1560 5157 1610 5207; x_wconf 82' lang='lat' dir='ltr'>rr.</span> <span class='ocrx_word' id='word_1_649' title='bbox 1628 5157 1714 5208; x_wconf 70' lang='lat' dir='ltr'>trad.</span> <span class='ocrx_word' id='word_1_650' title='bbox 1731 5159 1797 5208; x_wconf 85' lang='lat' dir='ltr'>nota</span> <span class='ocrx_word' id='word_1_651' title='bbox 1814 5158 1949 5224; x_wconf 48' lang='lat' dir='ltr'>nuptum</span> <span class='ocrx_word' id='word_1_652' title='bbox 1978 5157 2116 5210; x_wconf 68' lang='lat' dir='ltr'>horum</span> <span class='ocrx_word' id='word_1_653' title='bbox 2133 5155 2208 5201; x_wconf 78' lang='lat' dir='ltr'>ron!</span> <span class='ocrx_word' id='word_1_654' title='bbox 2222 5133 2257 5212; x_wconf 50' lang='grc' dir='ltr'>ὅθι</span> 
     </span>
     <span class='ocr_line' id='line_1_51' title="bbox 298 5205 2241 5305; baseline -0.002 -17"><span class='ocrx_word' id='word_1_655' title='bbox 298 5239 349 5298; x_wconf 77' lang='grc' dir='ltr'>ιι)</span> <span class='ocrx_word' id='word_1_656' title='bbox 372 5239 587 5305; x_wconf 74' lang='lat' dir='ltr'>neugertnton]</span> <span class='ocrx_word' id='word_1_657' title='bbox 619 5239 686 5289; x_wconf 69' lang='lat' dir='ltr'>orn</span> <span class='ocrx_word' id='word_1_658' title='bbox 712 5239 797 5292; x_wconf 75' lang='lat' dir='ltr'>rorte.</span> <span class='ocrx_word' id='word_1_659' title='bbox 822 5240 1016 5304; x_wconf 65' lang='lat' dir='ltr'>uersurum.</span> <span class='ocrx_word' id='word_1_660' title='bbox 1047 5241 1134 5304; x_wconf 70' lang='lat' dir='ltr'>reone</span> <span class='ocrx_word' id='word_1_661' title='bbox 1160 5242 1200 5304; x_wconf 70' lang='lat' dir='ltr'>rs,</span> <span class='ocrx_word' id='word_1_662' title='bbox 1220 5242 1263 5293; x_wconf 81' lang='lat' dir='ltr'>ru</span> <span class='ocrx_word' id='word_1_663' title='bbox 1383 5213 1545 5290; x_wconf 75' lang='lat' dir='ltr'>so&#39;rogmas</span> <span class='ocrx_word' id='word_1_664' title='bbox 1578 5228 1654 5291; x_wconf 61' lang='lat' dir='ltr'>rege,</span> <span class='ocrx_word' id='word_1_665' title='bbox 1674 5226 1703 5277; x_wconf 77' lang='lat' dir='ltr'>et</span> <span class='ocrx_word' id='word_1_666' title='bbox 1733 5227 1858 5289; x_wconf 66' lang='lat' dir='ltr'>pennus</span> <span class='ocrx_word' id='word_1_667' title='bbox 1887 5227 1925 5278; x_wconf 70' lang='lat'>⁸1</span> <span class='ocrx_word' id='word_1_668' title='bbox 1953 5227 2064 5280; x_wconf 73' lang='lat' dir='ltr'>norma</span> <span class='ocrx_word' id='word_1_669' title='bbox 2091 5233 2157 5274; x_wconf 68' lang='lat' dir='ltr'>uon</span> <span class='ocrx_word' id='word_1_670' title='bbox 2180 5205 2241 5262; x_wconf 56' lang='lat' dir='ltr'>‘W</span> 
     </span>
     <span class='ocr_line' id='line_1_52' title="bbox 334 5295 1489 5366; baseline 0.004 -8"><span class='ocrx_word' id='word_1_671' title='bbox 334 5308 469 5358; x_wconf 77' lang='lat' dir='ltr'>uenatum</span> <span class='ocrx_word' id='word_1_672' title='bbox 488 5309 644 5359; x_wconf 74' lang='lat' dir='ltr'>nominibus</span> <span class='ocrx_word' id='word_1_673' title='bbox 664 5309 863 5362; x_wconf 76' lang='lat' dir='ltr'>wrcrsuuu:</span> <span class='ocrx_word' id='word_1_674' title='bbox 883 5309 1058 5363; x_wconf 80' lang='lat' dir='ltr'>ltettenlrobe</span> <span class='ocrx_word' id='word_1_675' title='bbox 1071 5311 1262 5366; x_wconf 74' lang='lat' dir='ltr'>artuum·</span> <span class='ocrx_word' id='word_1_676' title='bbox 1385 5295 1489 5348; x_wconf 64' lang='lat'>“¹¹⁶¹&#39;-</span> 
     </span>
    </p>
   </div>
   <div class='ocr_carea' id='block_1_7' title="bbox 299 5373 2239 5532">
    <p class='ocr_par' dir='ltr' id='par_1_7' title="bbox 299 5373 2239 5532">
     <span class='ocr_line' id='line_1_53' title="bbox 299 5373 2239 5504; baseline 0.003 -60"><span class='ocrx_word' id='word_1_677' title='bbox 299 5373 429 5504; x_wconf 55' lang='lat' dir='ltr'>”roras</span> <span class='ocrx_word' id='word_1_678' title='bbox 446 5375 496 5426; x_wconf 62' lang='grc' dir='ltr'>Μ</span> <span class='ocrx_word' id='word_1_679' title='bbox 511 5377 538 5427; x_wconf 81' lang='lat'>²·</span> <span class='ocrx_word' id='word_1_680' title='bbox 558 5377 632 5428; x_wconf 65' lang='lat'><strong>10¹¹·</strong></span> <span class='ocrx_word' id='word_1_681' title='bbox 646 5375 680 5430; x_wconf 91' lang='lat'>¹¹·</span> <span class='ocrx_word' id='word_1_682' title='bbox 699 5389 725 5438; x_wconf 78' lang='lat' dir='ltr'>r·</span> <span class='ocrx_word' id='word_1_683' title='bbox 739 5373 826 5433; x_wconf 60' lang='lat'><strong>⁷⁸⁴³·</strong></span> <span class='ocrx_word' id='word_1_684' title='bbox 1051 5451 1055 5460; x_wconf 77' lang='grc'><em>,</em></span> <span class='ocrx_word' id='word_1_685' title='bbox 1351 5398 1416 5456; x_wconf 79' lang='grc' dir='ltr'><strong>ιιι)</strong></span> <span class='ocrx_word' id='word_1_686' title='bbox 1435 5398 1468 5448; x_wconf 93' lang='grc' dir='ltr'>ιι.</span> <span class='ocrx_word' id='word_1_687' title='bbox 1486 5398 1507 5448; x_wconf 93' lang='grc' dir='ltr'>ι.</span> <span class='ocrx_word' id='word_1_688' title='bbox 1524 5395 1553 5447; x_wconf 73' lang='grc' dir='ltr'>ιιι</span> <span class='ocrx_word' id='word_1_689' title='bbox 1571 5395 1657 5448; x_wconf 78' lang='lat' dir='ltr'>norst.</span> <span class='ocrx_word' id='word_1_690' title='bbox 1672 5396 1760 5465; x_wconf 80' lang='lat' dir='ltr'>rasa,</span> <span class='ocrx_word' id='word_1_691' title='bbox 1779 5395 1867 5464; x_wconf 73' lang='lat' dir='ltr'>rosc,</span> <span class='ocrx_word' id='word_1_692' title='bbox 1887 5397 1980 5470; x_wconf 73' lang='lat' dir='ltr'>uro,</span> <span class='ocrx_word' id='word_1_693' title='bbox 1999 5397 2069 5452; x_wconf 79' lang='lat' dir='ltr'>usa</span> <span class='ocrx_word' id='word_1_694' title='bbox 2085 5378 2239 5448; x_wconf 64' lang='lat' dir='ltr'>nonest*</span> 
     </span>
     <span class='ocr_line' id='line_1_54' title="bbox 334 5457 1656 5532; baseline 0.005 -20"><span class='ocrx_word' id='word_1_695' title='bbox 334 5457 349 5512; x_wconf 77' lang='lat' dir='ltr'>l</span> <span class='ocrx_word' id='word_1_696' title='bbox 363 5459 395 5506; x_wconf 83' lang='lat' dir='ltr'>tt.</span> <span class='ocrx_word' id='word_1_697' title='bbox 407 5459 427 5512; x_wconf 86' lang='grc' dir='ltr'>Ι.</span> <span class='ocrx_word' id='word_1_698' title='bbox 441 5460 470 5509; x_wconf 91' lang='lat' dir='ltr'>tn</span> <span class='ocrx_word' id='word_1_699' title='bbox 483 5461 530 5512; x_wconf 75' lang='lat' dir='ltr'>re</span> <span class='ocrx_word' id='word_1_700' title='bbox 540 5459 625 5512; x_wconf 74' lang='lat' dir='ltr'>reste</span> <span class='ocrx_word' id='word_1_701' title='bbox 637 5462 704 5512; x_wconf 80' lang='lat' dir='ltr'>uota</span> <span class='ocrx_word' id='word_1_702' title='bbox 711 5461 844 5527; x_wconf 70' lang='lat' dir='ltr'>negiu:</span> <span class='ocrx_word' id='word_1_703' title='bbox 866 5461 939 5513; x_wconf 82' lang='lat' dir='ltr'>the</span> <span class='ocrx_word' id='word_1_704' title='bbox 949 5463 1056 5516; x_wconf 71' lang='lat' dir='ltr'>eus·</span> <span class='ocrx_word' id='word_1_705' title='bbox 1068 5464 1260 5520; x_wconf 77' lang='lat' dir='ltr'>renensium.</span> <span class='ocrx_word' id='word_1_706' title='bbox 1383 5467 1476 5532; x_wconf 69' lang='lat' dir='ltr'>bages</span> <span class='ocrx_word' id='word_1_707' title='bbox 1493 5465 1656 5520; x_wconf 74' lang='lat' dir='ltr'>abolendae.</span> 
     </span>
    </p>
   </div>
   <div class='ocr_carea' id='block_1_8' title="bbox 0 0 2286 5792">
    <p class='ocr_par' dir='ltr' id='par_1_8' title="bbox 0 0 2286 5792">
     <span class='ocr_line' id='line_1_55' title="bbox 0 0 2286 5792; baseline 0 0"><span class='ocrx_word' id='word_1_708' title='bbox 0 0 2286 5792; x_wconf 95' lang='lat' dir='ltr'> </span> 
     </span>
    </p>
   </div>
  </div>
 </body>
</html>
