4584 5796
53 197 128 268 357
205 189 326 266 XXlli.
372 185 683 276 ARGUMENTA
709 186 776 266 ΕΤ
799 186 1080 274 scuoiiatii
1097 189 1253 270 ἸΗ448Τ.
1279 194 1394 278 ΞΛΜ.
1421 199 1506 278 ClO.
1530 205 1619 282 LIB.
1637 213 1680 285 X.
1705 213 1778 292 ΕΡ.
1795 222 1830 296 6.
1848 227 1883 300 7.
1901 231 1937 301 8.
2009 235 2086 309 366

44 366 243 463 44444464),
285 362 416 460 quibus
445 375 566 436 mutus
580 361 629 458 ⁴⁵)
653 363 700 436 sit
730 364 780 438 ad
810 364 1037 437 sumntum
1091 364 1149 436 sui
1164 360 1313 445 honoris
1330 374 1423 444 ratio
1438 369 1634 464 trabeatos,
1657 391 1921 485 quosigulficat
1966 409 2084 476 utmi·

40 495 148 542 suum
164 491 309 564 quoque
324 466 526 539 consilium.
576 465 782 558 Propositio
799 467 958 541 continet
974 472 1036 542 ade
1086 468 1210 543 litibus
1224 475 1386 563 praemia
1405 479 1654 558 decernantur.
1929 453 1939 486 ⁹

39 569 307 658 hortationem,
332 582 455 664 estque
469 565 557 641 baec
574 591 731 640 summa:
757 569 796 640 si
816 571 953 642 salvam
977 597 1035 642 ve·
1396 647 1405 662 ‚

42 677 82 746 lis
116 675 375 766 rempublicam
405 685 440 742 et
469 695 552 744 suos
579 670 689 742 etiam
718 668 875 746 lionores
904 675 1033 758 salvos,
1083 745 1086 752 ,
1333 643 1469 718 A¹¹¹¹d
1497 674 1829 744 argumentum,

41 777 138 848 nullo
155 779 266 846 modo
284 776 457 866 adiungat
471 799 507 846 se
520 773 737 868 concutite)
754 775 918 860 illorum,
953 777 1032 870 qui·
1183 775 1382 850 Exordium
1414 777 1522 856 habet
1552 787 1641 860 duas
1664 809 1802 882 partos,
1846 800 2073 892 significatio-

38 882 101 950 bus
121 901 228 950 curae
243 891 296 950 est
310 877 487 969 optimum
504 887 635 948 statum
654 877 869 970 reipublicae
890 891 1031 969 pertur-
1083 895 1165 942 nem
1181 902 1274 954 suae.
1283 881 1477 956 voluntatis
1491 899 1527 956 et
1542 896 1804 968 excusationem
1828 903 2012 980 brevitatis
2033 911 2072 982 in

39 984 135 1052 bare.
188 981 285 1054 Tum
298 980 408 1050 etiam
424 979 524 1048 nullo
543 980 653 1048 modo
672 981 718 1050 sit
739 1004 864 1052 suasor
889 981 946 1050 vel
967 1001 1029 1052 au·
1081 977 1282 1054 scribendo.
1343 985 1432 1058 Post
1462 991 1648 1062 exordium
1665 1002 1825 1088 ponitur
1857 1011 2056 1099 propositio

41 1098 95 1152 tor
111 1082 212 1175 pacis
228 1083 412 1154 faciendae
438 1106 519 1154 curn
533 1079 706 1154 Antonio.
763 1081 872 1154 Ratio
895 1106 1029 1174 propo·
1080 1075 1327 1155 sehocunum
1346 1112 1491 1174 curtare,
1516 1105 1556 1162 ut
1572 1094 1719 1186 dignum
1738 1103 1873 1198 aliquid
1894 1133 1959 1180 suo
1985 1067 2070 1182 con»,

38 1187 176 1258 sitionis
197 1197 412 1276 sumpta-est
433 1186 478 1254 ab
505 1179 668 1255 honesto.
734 1181 904 1256 Continet
930 1185 1025 1254 enim
1078 1181 1330 1258 sulatuiaciat.
1371 1187 1412 1258 ln
1428 1192 1498 1260 line
1516 1207 1567 1264 est
1582 1199 1727 1287 petitio,
1752 1229 1822 1298 qua
1838 1233 1937 1280 suam
1953 1213 2068 1304 digni.

37 1291 192 1360 officinm
208 1285 296 1361 boni
312 1286 478 1358 consulis.
510 1283 699 1384 Conclusio
714 1287 803 1358 duas
816 1284 929 1367 habet
944 1311 1026 1378 par·
1077 1292 1187 1354 tatem
1203 1286 1368 1360 Ciceroni
1390 1299 1629 1371 commendat.

39 1405 96 1460 tes.
149 1390 273 1460 Altera
293 1402 345 1459 est
359 1391 402 1458 de
417 1388 589 1479 dignitate
604 1399 787 1471 secutura,
807 1390 838 1462 si
859 1390 966 1462 talem
987 1414 1025 1460 se

34 1493 196 1580 gesserim
230 1492 315 1560 item
333 1492 378 1561 de
403 1488 620 1582 ignominia,
653 1512 746 1582 quae
769 1491 876 1561 etiam
900 1515 1024 1587 seque·

34 1608 107 1675 tur,
148 1594 180 1664 si
205 1595 459 1684 contempserit
480 1586 549 1662 hoc
572 1591 772 1663 consilium.
840 1592 881 1663 ln
911 1595 1022 1662 altera

1317 1458 1457 1533 Aliud
1487 1487 1825 1560 argumentum.

1161 1590 1377 1666 Continuam
1397 1593 1506 1670 habet
1519 1607 1763 1680 narrationem
1780 1614 1928 1705 epistola
1937 1617 2064 1690 Planci

37 1708 131 1785 parte
162 1694 267 1787 ponit
294 1695 577 1777 excusacionem,
620 1717 656 1764 se
687 1694 847 1773 acerbius
877 1695 1021 1791 quidem
1074 1691 1118 1758 de
1142 1694 1254 1766 causis
1277 1697 1461 1774 brevitatis
1488 1705 1709 1794 litterarum,
1748 1725 1783 1782 et
1813 1717 1860 1786 de
1886 1743 1951 1790 suo
1975 1745 2063 1814 erga

37 1797 232 1888 scripsisse,
257 1797 319 1868 sed
336 1808 458 1870 tamen
473 1821 549 1870 non
564 1796 661 1865 malo
677 1796 811 1870 animo.
1073 1797 1330 1886 rempublicam
1356 1804 1477 1874 animo
1503 1821 1537 1877 et
1560 1811 1691 1884 studio.
1754 1813 1797 1888 ln
1819 1819 1891 1888 fine
1913 1822 2062 1914 ponitur

1070 1895 1188 1969 brevis
1212 1900 1359 1990 petitio,
1393 1918 1435 1975 ut
1458 1907 1668 2002 dignitatem
1695 1939 1735 1984 ac
1759 1913 1915 1996 honores
1937 1925 2061 1996 Planci

167 2014 356 2088 Scholia
388 2016 435 2088 in
468 2015 713 2108 epistolam
739 2013 881 2114 Vite).
1070 2011 1274 2074 4046444444
1296 2005 1473 2080 defendat.

134 2165 165 2260 ἓ.
183 2171 216 2239 1.
242 2171 352 2240 Plura
371 2163 454 2266 etit]
479 2163 669 2237 Excusatio
690 2165 891 2237 brevitatis:
926 2165 1017 2236 Scri·

29 2273 148 2340 berem
164 2269 228 2340 tibi
243 2269 436 2362 prolixius,
461 2267 531 2338 nisi
547 2269 592 2337 ad
608 2281 770 2339 senatum
787 2269 1016 2362 scripsissem,

30 2389 59 2443 et
72 2373 119 2470 ss)
136 2373 312 2444 misissem
331 2373 500 2462 legatum.
1071 2371 1073 2376 ’

127 2473 160 2566 ἓ.
180 2479 216 2549 2.
241 2479 340 2558 Non,
373 2467 622 2572 mediusfidius]
649 2471 703 2543 De
723 2497 788 2544 sno
814 2496 896 2563 erga
921 2495 1015 2546 rem·

27 2578 205 2670 publicam
223 2575 345 2648 animo
363 2599 404 2644 ac
417 2574 551 2648 studio.

1076 2437 1078 2443 ,
1169 2454 1259 2525 Cum
1275 2453 1322 2550 ⁸¹)
1347 2455 1525 2532 Antonius
1546 2461 1699 2536 Brutum
1730 2467 1922 2546 obsedisset
1947 2479 2055 2551 Muti-

1066 2577 1152 2640 nae,
1178 2558 1330 2630 Plancns
1346 2562 1448 2654 quasi
1463 2563 1645 2637 colludens
1661 2591 1740 2639 cum
1751 2569 1930 2662 Antonio,
1957 2605 2054 2652 exer-

1066 2658 1175 2728 citum
1189 2685 1292 2732 suum
1309 2662 1468 2756 quietum
1487 2669 1613 2739 tenuit.
1664 2667 1717 2740 Ea
1731 2694 1789 2744 res
1807 2679 1929 2750 multis
1951 2707 2055 2774 prae-

316 2744 715 2842 argumentume).
1065 2762 1171 2831 bebai
1198 2787 1364 2856 magnam
1393 2766 1651 2860 suspicionem,
1695 2773 1870 2849 Plancum
1904 2786 2053 2857 omnino

122 2881 320 2952 Pollicetur
348 2881 502 2950 Plancus
540 2905 576 2951 se
615 2893 859 2972 suscepturum
891 2902 1013 2949 curam

23 2987 174 3054 tuendae
191 2983 418 3078 reipublicae.
469 2981 668 3052 Exordium
689 2977 798 3050 habet
818 2981 1013 3054 excusatio·

26 3111 103 3159 nem
134 3085 322 3157 brevitatis
350 3086 387 3154 in
418 3085 606 3155 scribendo
635 3108 701 3177 per
731 3083 1012 3156 translationem.

24 3189 161 3258 Deinde
177 3201 258 3259 ante
272 3187 554 3280 propositionem
570 3185 726 3258 ostendit
739 3185 924 3256 consilium
941 3197 1012 3254 tar-

26 3292 143 3361 ditatis
166 3291 204 3360 in
228 3291 413 3359 liberanda
436 3289 629 3380 republica.
686 3287 854 3384 Sequitur
879 3312 1011 3380 propo·

25 3394 124 3476 sitio,
153 3417 222 3487 qua
239 3417 339 3464 suam
359 3415 504 3486 operam
523 3391 737 3482 reipublicae
752 3413 935 3486 nunquam
951 3394 1011 3460 de-

26 3499 179 3565 futuram
196 3496 361 3564 affirmat.
412 3489 453 3561 In
472 3493 541 3566 fine
557 3493 646 3588 petit
660 3519 696 3564 se
709 3493 837 3566 inveni.

261 3658 402 3732 Aliud
434 3673 766 3751 argumentum.

122 3797 249 3870 Primo
274 3811 326 3868 cst
347 3795 582 3893 excusacioti)
610 3795 805 3866 brevitatis.
870 3792 1008 3864 Deinde

33 3901 199 3988 crassatic
217 3911 287 3982 est,
313 3902 411 3993 quod
427 3899 538 3970 serius
553 3898 695 3969 nuntiet
709 3922 746 3968 se
770 3919 842 3976 esse
868 3891 1007 3968 hostem

36 4001 194 4086 antonio,
217 4002 417 4096 quiaprius
431 4003 679 4094 praeparanda
696 4023 736 4069 ea
750 3998 894 4081 luerint,
917 4023 1008 4092 quae

14 4105 68 4172 ·ad
91 4106 224 4174 bellurn
244 4107 442 4202 necessaria
466 4116 579 4182 erant.
631 4103 820 4176 Postremo
837 4100 942 4192 petit,
968 4113 1009 4171 ut

60 4373 103 4425 44)
120 4368 299 4432 occasiones]
328 4368 371 4421 sic
396 4371 472 4426 44444
495 4369 545 4424 nc.
565 4369 659 4434 4666.)
694 4369 780 4423 rata.
801 4367 895 4432 4666,
919 4365 1005 4437 4674,

92 4441 164 4492 4666
186 4439 367 4493 ocmsiouem.

60 4543 103 4602 46)
118 4542 223 4604 motos]
241 4539 289 4592 Ed.
309 4539 386 4598 4666.
403 4551 501 4594 encre
518 4542 646 4604 typugm
671 4539 777 4595 modus.

60 4643 102 4702 46)
117 4642 249 4708 adnuat
265 4653 296 4692 se
312 4640 455 4705 societati]
472 4640 513 4692 444
531 4639 616 4694 sitit.
632 4639 718 4706 4666,
737 4637 823 4704 4674,
842 4637 916 4690 4646.
925 4654 935 4703 3
952 4640 1003 4690 Eri.

90 4713 162 4762 4666.
181 4709 378 4774 coniungeres
395 4709 537 4761 societate.

60 4815 100 4872 47)
117 4811 301 4864 Melantnonis
326 4813 488 4878 argumento
518 4811 597 4863 4444444
627 4811 760 4876 epistolae
783 4809 867 4861 tritt.
890 4809 1004 4863 4647-

87 4883 180 4947 4664,
198 4881 293 4948 4667,
311 4882 404 4948 46644,
422 4882 498 4934 isui.
516 4884 622 4934 4444444.

53 4987 101 5058 ἱ48)
117 4983 307 5049 scripsissem,
332 4985 374 5044 et]
394 4984 436 5036 444
453 4982 537 5034 Editt.
558 4981 650 5046 4647,
677 4981 770 5048 4644),
788 4981 890 5049 4644,
914 4985 1003 5051 4664,

87 5054 182 5117 taam
212 5055 241 5102 in
257 5052 343 5105 iiditt.
357 5053 451 5116 6646,
470 5051 544 5104 4660.
562 5051 673 5106 desunt.

60 5153 97 5214 a)
114 5153 382 5273 pogfimgurppluttum
401 5153 430 5204 et
446 5150 502 5202 trit
517 5149 661 5214 sequentia
676 5149 706 5202 in
721 5149 807 5212 iiditt.
822 5151 914 5219 4666,
935 5151 1003 5206 4666

85 5250 115 5260 -
136 5239 152 5272 s
190 5257 197 5272 .
219 5233 268 5272 ess

63 5323 328 5450 amum]
344 5326 389 5378 se
402 5325 487 5380 stat
507 5325 602 5392 4444,
619 5325 720 5418 sess,
738 5327 833 5395 4444,
855 5329 906 5384 sc.
925 5327 1000 5382 4444.

39 5463 190 5549 limam.
211 5479 320 5550 0444.
340 5477 426 5548 Vos.
447 5478 555 5546 xvii.

1065 2864 1260 2936 alienatum
1287 2889 1307 2936 a
1339 2881 1485 2952 senatu,
1528 2869 1688 2944 Antonio
1723 2880 1861 2965 lavere,
1902 2883 2054 2981 ideoque

1065 2969 1160 3060 apud
1178 2991 1301 3038 omnes
1315 2969 1409 3038 male
1423 2972 1547 3042 audire
1572 2977 1699 3066 coepit.
1757 2977 1965 3055 Necessario
1987 2987 2055 3060 ita-

1064 3091 1133 3160 que
1153 3064 1265 3164 hisffl)
1288 3069 1439 3162 publicis
1460 3074 1589 3148 litteris
1611 3092 1754 3151 excusat
1775 3084 1868 3180 seli)
1886 3085 2053 3178 Plancus,

1064 3193 1127 3238 cur
1141 3164 1233 3239 nihil
1248 3171 1430 3263 scripserit
1447 3177 1607 3262 senatui,
1641 3205 1759 3274 neque
1783 3185 1827 3254 de
1844 3211 1906 3258 sua
1927 3194 2054 3264 volun-

1063 3284 1156 3358 tate,
1193 3297 1310 3367 neque
1330 3273 1460 3372 ipsett)
1482 3271 1653 3354 hactenus
1681 3283 1750 3354 illis
1779 3288 1892 3360 turbis
1921 3317 1957 3363 se
1983 3296 2053 3366 im·

1062 3375 1308 3471 monuerint).
1718 3410 1728 3424 ·

1155 3472 1246 3568 '§.1.
1281 3483 1372 3550 Huic
1398 3485 1497 3569 prius
1525 3486 1836 3587 excusandum]
1870 3492 2051 3586 Defensio,

1061 3578 1281 3671 propositio,
1306 3583 1503 3672 occupatio.

1164 3679 1196 3774 ᾗ.
1224 3687 1259 3756 6.
1302 3685 1382 3752 Noa
1415 3709 1467 3754 mc
1492 3687 1796 3787 444444νί6πῆ]
1847 3694 2050 3786 Excusatio,

1062 3805 1173 3876 quare
1201 3783 1313 3854 serius
1341 3785 1527 3855 denuntiet
1555 3809 1592 3854 sc
1620 3811 1694 3858 esse
1724 3783 1862 3864 bostem
1890 3797 2051 3874 Antonii.

1059 3887 1323 3979 Sed,·qcmmin
1338 3882 1433 3982 eum]
1454 3886 1508 3956 Ex
1525 3887 1696 3960 utilitate:
1730 3897 1867 3984 proluit
1888 3901 2051 3973 dissimu-

1059 3987 1158 4057 latio.
1261 3993 1352 4060 Nam
1383 3991 1458 4083 quis
1489 3995 1528 4061 in
1555 3987 1616 4090 ea]
1649 3993 1887 4085 Amplilicatio
1918 4026 1959 4072 ex
1986 4029 2049 4074 sua

1058 4108 1225 4181 persona.

1058 4245 1263 4260 m

1090 4333 1139 4393 64)
1158 4330 1227 4383 nuic
1244 4327 1306 4381 voci
1323 4327 1351 4382 ln
1367 4329 1453 4384 444444.
1469 4329 1556 4396 4646,
1575 4331 1650 4383 4664).
1669 4335 1792 4396 praelixa
1809 4344 1873 4394 sunt
1887 4343 1942 4398 Cic.
1962 4351 2048 4402 44464

1126 4398 1169 4468 (6.
1185 4401 1239 4458 m:
1264 4401 1297 4452 66
1314 4399 1362 4452 cui
1379 4397 1467 4467 rone.

1089 4487 1139 4548 44)
1157 4485 1220 4544 tiu·
1234 4483 1275 4536 sic
1292 4483 1377 4534 4444.
1392 4483 1484 4549 rosa,
1501 4483 1594 4552 4444,
1614 4486 1707 4554 4444,
1727 4490 1820 4557 isco..
1842 4495 1936 4564 4444,
1959 4499 2045 4558 earu.

1127 4555 1222 4618 4444,
1240 4553 1332 4616 4444,
1353 4553 1446 4617 esst,
1465 4551 1540 4604 sssr.
1558 4551 1610 4608 aas.

1090 4641 1140 4700 66)
1158 4639 1273 4691 excuset
1297 4639 1344 4697 se]
1369 4636 1410 4686 sic
1433 4648 1528 4689 omnes
1552 4638 1619 4692 illae
1641 4641 1726 4695 editt.
1751 4650 1867 4710 excepta
1888 4651 1940 4706 Ed.
1960 4653 2044 4722 4646,

1125 4719 1195 4774 quae
1212 4708 1309 4756 iubet:
1334 4708 1448 4756 accusat
1465 4718 1505 4758 se.

1088 4795 1139 4852 64)
1156 4793 1233 4855 ipse]
1251 4791 1301 4840 Ed.
1320 4788 1394 4840 4664).
1412 4790 1475 4854 ipsi.

1088 4879 1138 4937 66)
1155 4889 1188 4928 44
1211 4875 1403 4935 immiscuerit]
1428 4876 1469 4927 sic
1492 4877 1576 4932 utta.
1603 4877 1693 4946 tata,
1720 4883 1812 4948 4644),
1838 4885 1931 4956 4644,
1958 4892 2044 4959 1554„

1124 4945 1217 5010 4667,
1237 4945 1331 5006 4666.)
1362 4944 1447 4995 446446.
1466 4947 1560 5009 4646,
1580 4947 1671 5010 4646,
1692 4950 1767 5002 4664.
1788 4964 1820 5003 44
1837 4955 1988 5012 immiserit.
2007 4987 2042 5000 -

1122 5017 1189 5132 {¹ae1
1200 5015 1390 5080 argumentum
1405 5013 1507 5067 44444446
1523 5014 1610 5070 iiditt.
1624 5017 1825 5087 4647-4664,
1846 5025 1933 5090 4666,
1957 5029 2042 5094 tm,

1087 5167 1139 5227 66)
1157 5169 1212 5221 Pro
1231 5168 1275 5220 4444
1288 5168 1344 5222 cic.
1362 5168 1458 5221 verbis
1475 5169 1503 5220 in
1516 5169 1696 5234 imitatura,
1715 5173 1791 5224 4664).
1810 5175 1872 5226 huic
1889 5179 1972 5228 ustae
1989 5181 2060 5234 sd·.

1120 5239 1226 5302 scripta
1243 5242 1309 5289 sunt
1325 5239 1531 5302 praecedentia:
1556 5239 1589 5291 64
1606 5241 1655 5290 cat
1671 5240 1758 5304 torte.

1084 5323 1135 5383 67)
1152 5325 1182 5376 ln
1199 5323 1295 5376 iisdem
1313 5324 1433 5376 6144444.
1457 5324 1520 5376 44444
1543 5325 1626 5376 nutes
1643 5325 1769 5387 apposita
1785 5330 1851 5380 suut
1867 5331 2035 5388 antecedes.

1034 5434 1038 5447 .
1120 5393 1160 5446 tia
1176 5394 1234 5449 cic.
1252 5395 1353 5446 veris:
1379 5393 1445 5445 Non
1463 5394 1539 5446 eatae
1556 5395 1764 5457 praeteritam.

1482 5467 1532 5536 22
