4608 5792
41 185 104 264 tat
173 277 179 290 ,
246 179 386 255 XXXV.
429 129 831 256 utruuenurmo
859 177 1123 254 ORATIONIS
1148 177 1493 254 DEMOSTHENIS
1520 179 1587 252 DE
1616 180 1827 256 CORONA.
1952 290 1954 296 ,
1986 183 2063 261 868

40 377 155 450 vosque
169 351 217 422 ita
233 353 276 422 de
294 377 337 424 eo
354 353 486 424 sentire
509 353 623 446 magis
646 349 737 424 haec
760 351 849 424 vitia
873 353 1015 446 inipso
1066 372 1227 444 pugnam
1247 352 1385 443 legatus
1408 355 1454 424 ad
1479 351 1690 446 Philippum
1710 355 1890 445 proiectus
1912 380 1968 441 es,
2001 358 2066 452 qui

44 455 188 555 quamin
201 479 258 526 me
276 479 362 528 esse.
416 456 509 550 Quia
526 459 571 526 de
588 457 791 552 eloquentia
814 481 894 528 mea
918 456 1016 526 voci·
1069 478 1112 522 eo
1128 463 1291 546 tempore
1307 456 1521 528 calamitatis
1539 457 1678 551 patriae
1697 481 1803 528 causa
1820 459 1956 542 fuerat,
1983 483 2065 535 cum

41 565 178 641 seratur,
203 555 439 644 bancalium,
473 561 589 654 qualis
606 560 670 644 sit,
702 561 734 632 si
750 572 907 654 quaest,
939 583 1017 630 non
1069 547 1213 651 quidem
1232 582 1374 650 semper
1388 574 1493 630 antea
1520 559 1804 630 familiaritatem
1825 561 1892 632 tibi
1917 587 1999 634 cum
2019 588 2064 636 eo

39 660 211 756 ignoratis;
243 661 309 732 etsi
324 661 430 737 video
447 663 590 734 landem
605 664 832 758 eloquentiae
847 664 896 732 ita
916 663 1016 734 cuili-
1068 681 1143 730 esse
1160 683 1337 751 negasses,
1360 674 1403 732 ut
1417 675 1554 734 norunt
1570 686 1706 735 omnes.
1758 663 1850 757 Quis
1865 677 2068 752 astantem,

38 769 88 837 bet
100 764 223 849 tribui,
247 777 288 834 ut
309 763 442 834 iudicia
465 778 548 836 sunt
570 767 790 837 auditorum.
845 765 898 836 Ut
918 767 1015 836 enim
1069 760 1132 855 qui
1146 761 1327 833 civitatem
1342 764 1499 858 decipit?
1551 766 1681 838 Nonne
1697 765 1747 850 is,
1773 767 1836 862 qui
1855 767 1953 840 aliud
1965 769 2067 856 dicit,

39 893 92 938 vos
106 867 259 960 aliquem
278 893 358 938 cum
383 869 634 941 benevolentia
659 869 812 954 auditis,
846 869 896 939 ita
919 869 1015 938 vide·
1068 888 1180 958 quam
1198 865 1329 937 sentit?
1369 865 1463 938 Iuste
1479 881 1599 942 autem
1617 883 1802 940 execratur
1815 895 1947 962 praeco
1964 872 2066 957 tales,

38 985 87 1042 tur
100 965 245 1041 dcendo
260 971 482 1043 antecellere.
534 971 573 1044 si
594 997 666 1068 qua
689 987 742 1044 est
765 984 886 1042 autem
912 995 1015 1064 expe·
1067 968 1132 1061 qui
1147 967 1247 1038 aliud
1261 969 1420 1040 sentiunt
1433 982 1468 1040 et
1491 970 1590 1042 aliud
1613 973 1775 1046 suadent.
1836 973 1945 1067 Quod
1968 975 2066 1046 enim

36 1073 150 1144 aientia
165 1097 268 1158 mea,
292 1073 332 1143 in
348 1097 391 1143 eo
408 1099 536 1166 genere
552 1075 761 1159 invenietis,
793 1099 852 1144 me
874 1099 1015 1168 semper
1066 1071 1184 1142 maius
1198 1084 1251 1142 est
1266 1073 1306 1141 in
1322 1086 1466 1143 oratore
1480 1075 1592 1146 scelos
1610 1099 1719 1171 quam
1738 1101 1815 1146 non
1838 1079 1963 1148 eadem
1987 1101 2067 1150 sen-

37 1199 145 1268 capro
162 1177 263 1248 vobis
280 1199 385 1248 usum
403 1202 494 1263 esse,
518 1203 593 1248 non
609 1193 735 1250 contra
749 1200 833 1262 vos,
859 1202 925 1248 nec
941 1179 1015 1271 pri·
1067 1173 1135 1244 tire
1151 1186 1187 1244 et
1202 1174 1329 1269 loqui?
1382 1175 1481 1246 Talis
1496 1202 1578 1248 eum
1591 1173 1835 1272 deprehensus
1848 1179 1916 1264 sis,
1942 1193 2067 1250 umen

35 1291 106 1346 vata
126 1279 196 1349 ulla
220 1281 416 1349 certamina
439 1283 606 1353 movisse.
669 1281 737 1353 Iste
757 1303 844 1352 vero
872 1295 1015 1352 contra·
1067 1288 1103 1346 et
1121 1275 1209 1347 dicis
1222 1277 1262 1346 in
1277 1279 1433 1370 publico,
1456 1293 1492 1350 et
1505 1275 1639 1352 horum
1656 1282 1766 1352 audes
1779 1281 1912 1352 intueri
1922 1281 2067 1356 vultus?

35 1380 116 1452 num
131 1382 231 1468 lecit,
258 1383 321 1478 qui
337 1407 413 1454 non
428 1386 544 1456 solum
558 1409 627 1478 pro
642 1380 805 1456 hostibus
819 1386 928 1470 dixit,
952 1387 1015 1456 sed
1065 1379 1163 1452 Num
1178 1381 1360 1454 existimas
1379 1377 1447 1454 hos
1468 1384 1627 1468 nescire,
1660 1384 1784 1478 qualis¹
1801 1385 1869 1468 sis,
1901 1397 1964 1456 aut
1985 1399 2067 1458 tan·

36 1484 129 1552 etiam
144 1485 314 1577 privatim
337 1486 416 1558 lites
432 1488 566 1573 movit,
599 1491 630 1561 si
654 1489 735 1584 quis
759 1487 875 1579 ipsum
903 1488 1015 1558 olien-
1067 1495 1144 1558 tum
1158 1507 1233 1554 esse
1248 1479 1379 1556 hortun
1398 1499 1586 1556 veternum
1605 1500 1640 1556 et
1656 1487 1899 1573 oblivionem,
1924 1500 1966 1558 ut
1987 1511 2065 1562 non

35 1587 97 1671 dit,
121 1601 181 1658 aut
197 1588 323 1684 aliquo
342 1591 492 1662 adverso
508 1615 593 1663 casu
609 1591 746 1674 affecit,
774 1593 944 1662 adversus
960 1604 1014 1660 ta·
1067 1585 1299 1656 meminerint
1321 1601 1421 1659 tuam
1445 1589 1667 1674 orationem,
1710 1590 1749 1660 in
1777 1615 1848 1685 qua
1881 1591 2007 1663 iurans
2029 1605 2066 1664 te

35 1689 77 1760 les
97 1713 167 1760 non
188 1689 281 1762 iuste
303 1715 370 1762 nec
391 1718 461 1787 pro
484 1695 638 1767 utilitate
663 1692 813 1788 xpublica
843 1695 1015 1788 eloquen-
1066 1687 1187 1780 ipsum
1203 1705 1387 1763 execratus
1402 1717 1457 1776 es,
1480 1692 1616 1788 siquid
1634 1693 1702 1762 tibi
1721 1719 1801 1764 cum
1818 1689 2068 1786 Philippone-

34 1793 225 1864 tiamsuam
243 1796 383 1867 exserit.
433 1795 744 1876 Namhonestum
768 1795 883 1866 civem
907 1821 1015 1890 opor·
1066 1791 1157 1882 gotii
1178 1805 1287 1878 esset,
1321 1808 1357 1864 et
1378 1797 1554 1881 addebas,
1587 1821 1646 1866 me
1668 1797 1833 1890 privatae
1855 1797 2067 1870 inimicitIae

34 1906 77 1964 let
112 1896 147 1964 in
183 1895 317 1968 iudicia
351 1899 497 1986 venire,
542 1927 618 1972 non
648 1914 798 1995 propter
830 1901 1014 1994 privatum
1067 1917 1172 1966 causa
1191 1891 1262 1965 hoc
1278 1896 1407 1969 falsum
1424 1899 1562 1969 crimen
1576 1900 1615 1970 in
1631 1911 1666 1968 te
1681 1899 1914 1972 convertere?
1964 1899 2068 1972 Nun·
2146 1971 2152 1984 ,

35 1997 161 2082 odium,
186 2013 252 2072 aut
263 2000 508 2088 iracundiam,
535 2009 598 2076 aut
611 2003 745 2076 similes
759 2004 924 2087 affectus,
948 2025 1015 2072 nec
1066 1996 1154 2068 tiata
1172 2022 1260 2068 vero
1278 2000 1377 2070 clade
1392 2002 1512 2072 statim
1527 1998 1620 2073 nihil
1634 1998 1724 2072 haec
1741 2027 1869 2074 curans
1885 2004 2067 2080 confessus

34 2099 110 2170 velle
134 2097 199 2174 hos
226 2104 373 2178 affectus
393 2106 552 2178 iudicum
577 2109 770 2179 autoritate
794 2106 1014 2191 confirmari,
1067 2124 1123 2186 es,
1151 2113 1187 2170 et
1209 2102 1397 2175 ostendisti
1420 2105 1486 2175 tibi
1509 2131 1590 2177 cum
1611 2101 1784 2199 Philippo
1808 2105 2004 2176 amicitiam
2031 2117 2068 2176 et

33 2203 86 2296 qni
97 2206 259 2296 publicae
273 2206 438 2282 utilitatis
455 2235 561 2282 causa
581 2210 819 2295 conveniunt,
846 2233 887 2280 ac
901 2205 1014 2279 maxi-
1066 2202 1122 2274 ius
1141 2182 1290 2297 hospitii
1318 2231 1413 2290 esse,
1454 2204 1542 2278 haec
1571 2209 1746 2278 vocabula
1777 2210 1996 2280 transferens
2027 2208 2075 2278 in-

32 2329 81 2376 me
95 2309 237 2402 quidem
252 2324 382 2383 natura
405 2336 534 2384 vacare
556 2311 613 2386 his
636 2313 832 2385 affectibus.
891 2312 962 2383 Sed
984 2312 1015 2384 si
1066 2307 1328 2378 mercenariam
1361 2333 1522 2401 operam.
1593 2310 1676 2404 Qua
1703 2312 1798 2380 enim
1831 2311 1973 2405 aequali
2005 2324 2069 2382 aut

33 2409 100 2501 quis
113 2414 219 2484 dolor
233 2415 348 2488 movit
364 2416 541 2502 animum,
567 2418 644 2490 sine
662 2417 870 2491 crudelitate
886 2426 921 2490 el
936 2440 1015 2485 mo·
1066 2408 1159 2480 iusta
1181 2433 1284 2482 causa
1304 2411 1580 2506 ¹tympanistriae
1603 2413 1717 2498 filius,
1744 2414 1897 2498 amicus,
1923 2409 2067 2505 hospes,

32 2511 137 2586 derate
152 2541 236 2589 eum
249 2520 356 2591 ferre.
408 2516 450 2588 ln
467 2545 537 2616 qua
552 2547 591 2592 re
613 2534 733 2592 autem
754 2520 800 2591 sit
821 2514 1014 2590 vehemens
1067 2526 1130 2582 aut
1144 2513 1332 2586 familiaris
1348 2530 1438 2586 esset
1452 2516 1548 2608 regi,
1575 2541 1640 2609 ego
1657 2541 1733 2586 non
1748 2516 1868 2602 video,
1893 2517 1956 2586 sed
1971 2540 2067 2586 mer·
2116 2523 2121 2532 ’

32 2619 165 2688 orator?
227 2617 269 2689 In
291 2621 655 2718 publicispericulis,
695 2637 731 2693 et
762 2647 844 2694 cum
874 2621 1015 2692 inimici
1067 2616 1150 2684 cede
1168 2619 1364 2690 conductus
1380 2643 1458 2690 eras
1475 2633 1598 2690 contra
1614 2620 1783 2714 patriam.
1837 2618 1928 2690 Cum
1945 2632 2067 2708 autem

29 2718 468 2817 reipublicaereprimendi
484 2741 578 2800 sunt.
628 2725 670 2796 ld
694 2725 795 2796 decet
816 2726 954 2796 bonum
979 2737 1015 2796 et
1065 2718 1253 2790 manifeste
1277 2723 1461 2794 convictus
1481 2722 1528 2794 sis
1551 2736 1614 2794 tuo
1641 2723 1750 2793 etiam
1775 2722 1927 2807 iudicio,
1968 2721 2067 2816 quod
2133 2757 2138 2772 ‹

30 2819 166 2895 liberum
198 2825 327 2900 civem.
396 2830 505 2923 Quod
532 2842 652 2901 autem
675 2828 741 2902 iste
767 2851 842 2898 non
863 2840 1013 2921 propter
1064 2823 1232 2913 proditor
1253 2825 1320 2910 sis,
1359 2839 1481 2896 tamen
1502 2849 1543 2895 ea
1568 2826 1608 2894 in
1629 2851 1687 2896 me
1710 2828 1867 2911 confers,
1909 2849 2067 2921 quorum
2163 2837 2165 2840 ’

28 2923 127 2996 ullum
148 2930 334 3022 publicum
358 2933 514 3019 crimen,
553 2957 670 3028 neque
701 2931 905 3026 privatum,
947 2955 1013 3001 nce
1066 2925 1128 2994 alii
1152 2951 1276 2997 omnes
1298 2929 1418 3020 potius
1442 2951 1546 2999 causa
1570 2941 1654 3000 sunt
1677 2951 1786 3024 quam
1812 2952 1890 3020 ego.
1948 2927 2065 2997 Multa

27 3029 174 3117 publicae
191 3055 261 3104 nec
276 3058 362 3105 suae
383 3035 548 3109 utilitatis
570 3059 695 3121 causa,
727 3036 789 3106 sed
810 3047 950 3110 tantum
973 3047 1015 3106 ut
1064 3026 1149 3097 fecit
1172 3028 1296 3101 civitas
1317 3031 1458 3123 egregia
1480 3033 1572 3102 taeta
1593 3055 1674 3101 meo
1699 3030 1869 3115 consilio,
1908 3055 2067 3124 quorum

27 3123 85 3200 hoc
101 3159 157 3204 me
171 3137 381 3208 testimonio
397 3140 512 3220 laudis
528 3140 675 3234 spoliet,
701 3163 760 3208 me
785 3149 945 3222 accusat,
979 3149 1014 3208 et
1064 3154 1140 3200 non
1156 3131 1266 3202 oblita
1285 3146 1348 3205 esl-
1401 3132 1510 3205 Culus
1526 3135 1581 3205 rel
1597 3134 1738 3226 signum
1757 3147 1822 3217 fist,
1847 3135 1958 3228 quod,
1983 3157 2066 3202 01¹¹ss

27 3243 90 3304 lam
111 3237 258 3331 longam
284 3241 487 3314 orationem
511 3269 552 3315 ea
577 3244 615 3312 in
635 3267 675 3314 rc
698 3240 941 3334 consumpsit,
974 3241 1013 3310 id
1066 3247 1191 3304 orator
1206 3249 1289 3328 post
1301 3237 1480 3329 proelium
1497 3236 1680 3329 eligendus
1698 3251 1789 3308 essct
1805 3236 1844 3305 in
1858 3238 2004 3321 sunere,
2030 3247 2066 3306 tc
2106 3303 2113 3324 „

26 3335 155 3428 signum
170 3354 226 3412 est
241 3343 375 3435 privati
393 3349 563 3420 adversus
584 3372 644 3418 me
664 3346 758 3430 odii,
791 3344 1012 3414 invidentiae
1065 3336 1305 3434 (quamquam
1339 3342 1392 3412 tui
1421 3340 1558 3410 mentio
1590 3342 1684 3410 iacta
1713 3339 1809 3438 erat)
1841 3364 1917 3410 non
1949 3337 2067 3430 elegit,

26 3451 56 3508 et
67 3441 300 3536 impotentiae
314 3449 439 3535 animi,
464 3475 540 3522 non
556 3450 644 3522 honi
658 3449 756 3521 civis.
798 3449 908 3543 Quod
925 3443 1012 3518 vero
1065 3465 1140 3512 non
1153 3441 1372 3530 Demadem‚
1400 3467 1622 3540 quamquam
1640 3445 2069 3536 recenspacemfecerat,

23 3565 90 3612 non
105 3561 202 3618 recta
218 3551 387 3623 adversus
401 3577 459 3622 me
475 3555 630 3626 instituit
643 3552 926 3636 accusationem,
951 3551 1012 3622 sed
1063 3570 1139 3614 non
1156 3547 1384 3637 Hegemone,
1410 3571 1477 3616 nec
1500 3571 1720 3642 quemquam
1745 3546 1877 3628 alium,
1911 3546 1973 3614 sed
1997 3567 2069 3627 me,

24 3644 286 3743 Ctesiphontem
305 3655 488 3741 adoritur,
513 3657 664 3747 insignis
678 3655 814 3724 malitia
835 3668 914 3726 est.¹
949 3654 1012 3722 Vi-
1063 3650 1127 3717 ubi
1150 3673 1231 3719 cum
1256 3661 1296 3718 tu
1321 3661 1356 3717 et
1368 3644 1559 3741 Pythocles
1580 3647 1796 3740 prodiretis,
1823 3659 1859 3716 et
1877 3645 2069 3716 crudeliter

21 3750 108 3822 deris
122 3767 244 3829 autem
263 3760 460 3850 tamlonga
478 3760 662 3842 oratione,
692 3781 769 3826 non
791 3758 834 3827 de
862 3747 1012 3826 alicuius
1064 3771 1106 3820 ac
1122 3750 1350 3843 impudenter
1366 3775 1424 3820 me
1440 3751 1565 3823 iisdem
1582 3751 1750 3820 derebus
1766 3749 1996 3833 accusaretis,
2023 3749 2068 3818 de

21 3856 153 3928 sceleris
166 3883 286 3952 poena
308 3885 412 3955 agere
427 3862 602 3948 voluisse,
638 3862 700 3931 sed
722 3859 878 3932 voluisse
901 3858 1012 3950 speci-
1065 3853 1194 3948 quibus
1213 3877 1311 3924 nunc
1327 3877 1490 3939 accusas,
1522 3866 1557 3924 et
1573 3854 1744 3926 atrociter
1759 3851 2066 3936 conviciaremini,

19 3979 97 4027 men
119 3965 329 4050 ostendere,
366 3989 474 4060 quam
507 3989 678 4036 canoram
709 3987 835 4032 vocem
865 3957 1011 4032 habeas.
1064 3957 1180 4028 studia
1199 3956 1326 4050 populi
1343 3981 1428 4050 erga
1444 3982 1503 4028 me
1519 3959 1613 4028 sacta
1631 3958 1890 4042 suntmaiora,
1918 3969 1954 4026 et
1969 3980 2067 4026 com·

18 4055 95 4130 Non
110 4078 165 4138 est
179 4079 299 4137 autem
325 4069 442 4140 oratio
465 4082 528 4140 aut
550 4069 647 4140 vocis
671 4091 780 4140 sonus
803 4067 841 4135 in
866 4078 1011 4135 oratore
1064 4064 1287 4153 probataest
1301 4061 1448 4144 electio,
1474 4085 1542 4131 nec
1557 4061 1704 4152 ignoras
1731 4085 1897 4144 causam,
1930 4060 1993 4130 scd
2013 4070 2067 4128 ta-

17 4185 193 4238 snmmum
210 4169 336 4255 decus,
361 4175 422 4242 sed
441 4174 566 4243 eadem
583 4173 694 4256 velle,
729 4193 821 4266 quae
847 4170 925 4239 vult
947 4191 1012 4261 pa·
1063 4189 1148 4234 men
1171 4189 1363 4258 exponam.
1429 4163 1576 4236 Norunt
1604 4179 1801 4257 utrumque
1832 4163 1925 4234 cives
1948 4183 2068 4230 meam

16 4267 100 4354 tria,
128 4295 169 4344 ac
188 4275 332 4344 eosdem
356 4275 473 4347 odisse
497 4299 538 4346 ac
565 4301 705 4360 amare,
739 4299 831 4369 quos
854 4272 912 4342 vel
933 4272 1012 4341 odit
1062 4265 1353 4343 benevolentiam
1370 4269 1628 4360 etbdemerga
1647 4266 1824 4360 patriam,
1857 4277 1892 4336 et
1908 4275 2066 4336 vestram

16 4372 68 4440 vel
85 4387 187 4444 amat
201 4376 339 4469 patria,
366 4379 430 4474 qni
452 4380 502 4451 sic
527 4381 674 4451 affectus
701 4391 772 4462 est,
805 4376 928 4447 omnia
955 4375 1011 4445 in-
1052 4374 1292 4467 'pravitatem
1358 4370 1468 4464 Quod
1496 4371 1592 4442 enim
1622 4369 1732 4442 iurati
1761 4369 1914 4439 florente
1947 4365 2068 4460 patria

14 4483 109 4564 tegro
127 4479 253 4550 animo
270 4492 306 4549 et
327 4480 465 4552 sincera
488 4481 738 4554 benevolentia
760 4481 846 4572 agit.
904 4479 1011 4573 Quis-
1062 4477 1237 4570 negastis,
1279 4477 1319 4546 id
1347 4473 1472 4568 postea
1504 4475 1604 4545 clade
1630 4483 1774 4565 accepta
1800 4471 1951 4543 confessi
1971 4469 2067 4542 estis.

15 4577 92 4668 quis
106 4593 228 4653 autem
242 4581 392 4658 inflectit
405 4611 442 4660 se
462 4589 507 4658 ad
527 4610 606 4671 eos,
641 4599 676 4656 et
692 4597 892 4677 aucupatur
909 4586 1010 4653 lavo·
1062 4581 1164 4675 Quos
1181 4579 1292 4672 igitur
1308 4578 1480 4650 videbant
1495 4578 1534 4646 in
1544 4577 1688 4671 publica
1706 4575 1909 4648 calamitate
1925 4572 2066 4664 maiore

12 4701 107 4768 rem,
148 4709 169 4754 a
201 4687 332 4780 quibus
353 4687 478 4760 civitas
502 4689 570 4763 sibi
592 4689 793 4782 periculum
816 4700 1009 4760 venturum
1061 4683 1205 4754 licentia
1224 4683 1362 4768 dicere,
1390 4705 1483 4778 qnae
1497 4681 1600 4774 prius
1623 4691 1833 4762 senserunt,
1868 4673 1936 4750 hos
1956 4677 2066 4749 fuisse

13 4805 85 4854 esse
101 4789 290 4882 prospicit,
306 4790 337 4863 is
353 4815 430 4862 non
446 4795 571 4865 eadem
589 4788 844 4864 anchorarum
863 4790 1010 4862 caeteris
1062 4788 1208 4883 quidem
1224 4799 1327 4856 antea
1344 4784 1485 4879 patriae
1508 4785 1695 4872 inimicos,
1727 4784 1790 4854 sed
1810 4793 1897 4852 tunc
1918 4783 2066 4853 demum

14 4885 149 4961 civibus
171 4893 320 4979 nititur,
354 4921 422 4968 nec
443 4899 593 4970 eandem
616 4921 717 4990 spem
739 4891 850 4966 habet
871 4894 1008 4964 incolu-
1062 4916 1098 4963 se
1114 4889 1256 4986 aperire
1273 4889 1514 4996 iudicabantq
1532 4891 1660 4960 decere
1677 4885 1785 4990 etiam
1811 4885 2065 4959 existimabant

10 4991 157 5066 micatis.
221 4995 331 5068 Vides
352 5011 472 5070 autam
493 5027 552 5073 me
572 5025 721 5095 prorsus
745 5001 871 5080 eadem
893 5021 1009 5070 susce·
1062 5019 1163 5081 eum,
1190 4994 1315 5090 quide
1332 4993 1468 5066 civibus
1485 4991 1683 5064 intersectis
1706 4989 1867 5062 dicturus
1889 5000 1996 5071 esset,
2029 4995 2066 5056 et

9 5095 122 5181 pisse,
167 5123 260 5194 quae
284 5102 416 5172 caeteri
437 5103 530 5176 cives
555 5105 744 5196 profutura
769 5127 845 5174 esse
867 5103 1008 5194 patriae
1061 5122 1187 5170 eorum
1208 5097 1378 5196 virtutem
1405 5097 1641 5183 laudaturus,
1682 5117 1759 5165 non
1782 5093 1891 5162 fuisse
1914 5085 2065 5180 hospitff

10 5199 283 5289 existimabant,
319 5227 387 5274 nec
414 5229 473 5276 me
503 5209 549 5278 ab
577 5207 627 5280 eis
657 5205 816 5291 seiunxi,
858 5229 925 5274 nec
951 5227 1008 5274 re·
1058 5201 1264 5274 foederibus
1295 5201 1527 5272 coniunctum
1559 5225 1643 5272 cum
1681 5193 1970 5269 interfectoribus
2004 5213 2066 5260 eo-

9 5315 151 5394 ceptum
172 5305 390 5402 peculiarem
413 5309 581 5402 spectavi.
640 5308 771 5380 Fuitne
796 5307 923 5380 similis
944 5319 1007 5378 tua
1059 5331 1163 5393 rum,
1189 5329 1257 5378 nec
1273 5329 1355 5392 eos,
1389 5304 1453 5400 qui
1475 5303 1563 5376 alibi
1588 5299 1687 5398 apud
1710 5299 1958 5372 interfectores
1981 5315 2067 5364 con·

8 5407 205 5484 voluntas?
240 5433 485 5508 nequaquam.
559 5413 621 5485 'l'u
647 5411 745 5484 enim
774 5411 894 5483 statim
924 5424 1008 5504 post
1059 5411 1155 5485 vivia
1172 5411 1312 5505 agitant
1326 5421 1362 5484 et
1384 5403 1792 5501 triumphantpropter
1816 5398 1992 5476 Graeciae
2012 5419 2071 5469 ca·
