4584 5796
55 205 118 284 sss
200 205 324 284 xxm.
375 169 686 284 ancuhmra
705 203 1074 284 massonam
1094 203 1248 284 nens.
1267 205 1384 284 rasa.
1408 207 1493 284 nc.
1511 205 1600 284 sm.
1616 209 1658 284 ιι
1684 207 1757 288 nr.
1776 214 1809 286 1.
1827 218 1864 290 a.
1880 213 1916 289 a.
1958 147 1962 154 ⁸
2001 217 2078 292 ssa

283 379 421 451 aliud
452 385 804 474 argumentum.'
916 393 919 400 '

142 513 377 588 Excanatoria
395 529 448 588 est
460 519 633 612 epistola.
662 519 756 593 Nam
770 521 927 592 Plancus
941 513 1033 608 aspi-

48 640 123 688 rans
140 620 187 688 ad
203 621 427 690 consulatum
442 645 462 690 a
478 621 651 692 Cicerone
666 648 808 695 summo
830 619 949 693 studio
971 641 1033 711 pe·

48 719 187 803 tiverat,
229 733 272 792 ut
299 745 447 815 operam
478 725 600 809 daret,
638 749 684 795 ne
708 749 770 818 spe
791 719 1032 816 consequendi

48 821 243 894 considatus
260 825 505 897 frustraretur.
556 825 679 920 ltaque
697 827 821 898 Cicero
850 850 931 899 cum
954 848 1030 892 non

45 936 158 1014 posset
171 924 210 992 in
227 939 352 998 senatu
375 927 567 1020 quicquam
583 951 688 1019 agere
703 929 749 999 ob
763 940 899 999 metum
916 924 1030 996 Anto·

43 1026 109 1108 nii,
142 1051 180 1096 se
205 1041 336 1119 purgat
357 1027 559 1121 suspicione
575 1031 831 1122 negligentiae,
857 1040 1028 1101 utosten-

44 1129 100 1196 dat
114 1153 217 1198 suam
233 1132 454 1201 voluntatem
468 1131 560 1202 bene
580 1133 743 1203 merendi
759 1155 945 1227 nunquam
967 1132 1029 1200 de·

43 1228 153 1300 luisse.
204 1227 334 1326 Incipit
350 1245 505 1304 autema
521 1234 787 1328 propositione,
811 1258 920 1330 qnam
943 1257 1027 1302 con-

45 1334 158 1401 firmat
185 1357 251 1425 per
284 1335 568 1410 translationem.
632 1335 767 1432 Estque
801 1337 1026 1431 syllogismus

45 1428 305 1526 hypotheticus:
350 1435 390 1506 si
413 1437 570 1510 licuisset
594 1433 686 1508 mibi
710 1439 749 1508 iu
780 1451 907 1511 senatu
939 1461 1026 1520 esse,

42 1559 108 1606 non
124 1535 313 1609 definissem
330 1538 401 1611 tuis
416 1534 634 1622 bonoribnss
657 1542 719 1612 sed
733 1537 802 1614 hoc
818 1565 894 1610 non
908 1538 1025 1610 licuit:

43 1661 118 1729 ergo
133 1661 211 1710 nou
226 1641 329 1731 potui
351 1653 386 1712 te
407 1642 544 1717 invare.
595 1641 767 1736 Epilogus
789 1640 900 1714 babet
920 1641 1026 1734 polli-

41 1738 241 1812 citationem
270 1742 394 1830 olficii,
436 1756 471 1814 et
495 1743 711 1817 familiarem
736 1747 1024 1840 deprecationem

41 1865 172 1916 ventae.

277 1985 418 2069 Aliud
445 2013 769 2092 argumentum.

132 2129 291 2202 Excusat
304 2156 341 2203 se
356 2133 513 2220 Planco,
539 2157 602 2206 cur
627 2135 667 2206 in
690 2147 857 2208 senatum
873 2155 949 2204 non
963 2157 1023 2202 ve-

34 2232 144 2317 nerit,
187 2235 288 2328 quod
307 2234 461 2308 Plancus
492 2248 569 2308 tum
599 2263 690 2332 opus
715 2235 870 2310 babebat
897 2235 1023 2308 studiis

35 2335 234 2406 amicorum
257 2349 408 2429 propter
429 2339 674 2426 consulatum,
700 2365 807 2435 quem
830 2337 1022 2413 ambiebat.

30 2432 68 2504 ln
84 2437 235 2508 exordio
250 2451 371 2508 autem
385 2440 534 2531 ponitur
546 2442 747 2535 propositio
770 2441 1020 2524 excusationis:

29 2539 232 2610 adfuissem
251 2539 336 2624 tibi,
359 2539 390 2612 si
409 2542 567 2614 licuisset
585 2568 652 2636 per
673 2545 911 2620 adversarios.
960 2543 1021 2614 Se-

29 2653 194 2734 quuntur
208 2641 387 2728 rationes,
413 2669 506 2738 quae
521 2647 805 2738 propositionem
824 2647 1020 2739 explicant:

28 2741 118 2812 Viro
147 2745 337 2816 moderato
367 2759 430 2816 aut
456 2743 608 2820 honesto
636 2775 711 2820 non
734 2763 788 2822 est
806 2749 905 2822 locus
926 2749 1020 2818 inter

28 2868 154 2928 arma,
181 2845 286 2939 quia,
312 2842 392 2918 cu'm
414 2850 622 2940 praevalent
642 2871 763 2936 arma,
795 2865 881 2922 tunc
904 2850 1020 2943 expel-

26 2947 115 3018 litur
138 2947 287 3020 iustitia.
343 2945 385 3018 ln
408 2951 549 3042 epilogo
571 2953 720 3043 punitur
740 2953 932 3024 comestio:
962 2951 1020 3022 ln-

26 3050 183 3120 serviam
200 3062 322 3120 nmen
345 3052 412 3122 tibi
434 3052 473 3120 in
495 3054 601 3126 rebus
623 3054 792 3148 privatis,
824 3067 861 3126 et
879 3055 1019 3147 publice

27 3176 197 3248 quoquc,
220 3153 423 3250 ubicunque
437 3154 570 3228 licebit.
630 3217 632 3222 .

282 3321 421 3394 aliud
446 3293 774 3420 argumentum.

128 3455 295 3549 Epistula
313 3471 366 3529 est
381 3460 618 3548 excusatoria,
644 3461 683 3532 in
698 3487 770 3558 qua
793 3461 912 3556 primo
936 3463 1017 3534 loco

25 3557 179 3651 ponitur
200 3559 418 3654 propositio,
451 3563 551 3636 cuius
572 3560 661 3634 haec
682 3577 735 3635 est
756 3589 912 3637 summa:
945 3565 1018 3635 Ad-

24 3662 174 3732 brmsem
189 3661 257 3745 tibi
271 3663 444 3748 libenter,
477 3665 508 3736 si
528 3678 669 3738 tantum
691 3666 848 3740 licuisset
868 3691 934 3760 per
955 3670 1018 3738 ad-

25 3762 221 3834 versarios.
270 3763 409 3838 Deinde
427 3767 571 3838 additur
584 3769 777 3854 comestio,
804 3793 895 3866 quae
910 3764 1019 3840 babet

25 3865 324 3956 pollicitationem
339 3868 447 3938 officii
461 3869 500 3938 iu
517 3871 624 3942 rebus
636 3871 798 3962 privatis.
827 3873 1015 3942 Postremo

26 3965 108 4036 loco
122 3979 178 4038 est
191 3968 335 4060 petitio,
364 3993 411 4039 ne
423 3971 510 4041 velit
524 3967 593 4042 hoc
608 3985 753 4065 optare,
784 3986 827 4044 nt
847 3973 1017 4046 interesse

28 4069 159 4140 debeat
174 4071 326 4162 negotiis
338 4069 483 4158 Cicero,
507 4098 600 4169 quae
614 4074 722 4144 etiam
735 4073 813 4146 sine
827 4099 890 4148 sua
906 4098 1015 4167 opera

32 4171 157 4242 confici
174 4186 335 4263 possunt.

181 4370 367 4447 Scholia
394 4377 441 4448 in
471 4379 712 4472 epistolam
738 4376 864 4476 ΠΗ).
934 4441 937 4448 .

129 4517 164 4614 §-
182 4525 216 4594 1.
241 4528 349 4610 Quum
366 4529 476 4616 ipsum
489 4523 675 4628 Furnium]
700 4527 898 4600 Exordium
922 4553 943 4600 a
964 4542 1017 4601 ta-

32 4624 169 4695 bellarii
183 4649 349 4718 persona.
423 4633 516 4700 Nem
536 4625 588 4728 et]
609 4629 784 4724 Exponit,
811 4633 899 4728 quid
921 4657 1017 4705 com-

33 4728 284 4800 memoraverit
298 4741 334 4800 et
347 4729 560 4802 iudicaverit
576 4731 730 4804 Fumins
747 4734 791 4804 de
806 4733 955 4808 Planco.

128 4827 161 4921 ᾗ.
177 4833 214 4903 2.
239 4834 407 4904 Naucrate
420 4838 690 4908 amantiasimam
698 4831 773 4934 ¹¹)]
798 4836 1018 4928 Propositio,

32 4945 65 5002 ut
78 4931 338 5024 rempublicam
354 4937 531 5006 defendat.

31 5089 235 5108 ”nn-

63 5189 107 5248 a)
127 5183 325 5249 armantem
340 5181 404 5232 nec
426 5182 462 5233 ιι
484 5179 570 5234 rust.
589 5149 797 5250 asar-san,
816 5183 1016 5252 asss.,1sao.,

94 5256 172 5308 1601.
191 5253 220 5302 tn
239 5252 291 5301 tao
308 5250 429 5313 eptstota
446 5251 474 5300 ct
493 5250 619 5314 sequentt
637 5262 692 5302 non
710 5251 881 5304 exhibentur.

60 5343 107 5405 tt)
124 5341 180 5392 Pro
202 5335 247 5386 tals
270 5333 327 5388 cle.
353 5335 448 5386 vartls
470 5333 500 5385 ln
523 5335 722 5400 relatam,
750 5337 830 5392 1⁶⁸⁰.
850 5337 913 5391 bute
933 5339 1017 5393 notas

92 5408 217 5478 ,mnu
233 5405 300 5457 sunt
317 5404 527 5498 mtsoedentlsa
550 5405 606 5458 lits
621 5405 658 5458 ds
674 5405 781 5458 sessu.

1191 376 1222 472 §-
1235 382 1271 454 1.
1298 385 1378 454 Scis
1394 377 1562 479 medo]
1597 379 1750 454 Collatia
1770 383 1902 476 prioris
1924 387 2074 460 servitu·

1085 482 1131 554 tis
1147 485 1213 554 snb
1227 483 1397 567 Caesare,
1422 496 1458 554 et
1472 485 1723 583 praesentisffi)
1737 486 1923 560 libertatis.
1972 495 2074 564 Nunc

1083 582 1174 684 aliu]
1199 583 1427 658 Adhortatio.
1506 583 1695 684 Gamales]
1722 587 1778 658 Ab
1799 591 1997 662 occasione.

1184 684 1216 780 ᾖ.
1237 688 1273 762 4.
1297 695 1392 761 Haec
1405 684 1538 786 amore]
1563 687 1739 781 Epilogus
1762 715 1805 762 ex
1827 690 2096 785 occupationes

1389 857 1782 959 Argumentumss).

1180 983 1439 1064 adhorutoris
1455 1005 1526 1078 cst,
1551 1005 1593 1064 ut
1605 1018 1642 1064 se
1662 1019 1743 1068 curn
1769 994 1838 1064 illis
1861 991 2067 1085 coniungat,

1079 1093 1291 1190 quijsalvam
1311 1097 1462 1188 cupiunt
1476 1097 1756 1188 rempublicam,
1782 1119 1932 1189 eamque
1948 1094 2067 1162 delen·

1079 1199 1163 1266 dere
1187 1199 1333 1268 student
1357 1210 1481 1268 contra
1495 1197 1708 1270 Antonium.
1766 1196 1950 1289 Principio
1972 1196 2065 1264 duae

1076 1309 1160 1368 sunt
1173 1300 1398 1371 narrationes
1411 1303 1455 1370 de
1473 1302 1629 1370 adventu
1642 1301 1671 1370 F
1673 1299 1788 1384 urnii,
1814 1312 1849 1370 et
1871 1299 1946 1370 eius
1968 1321 2065 1366 com·

1075 1403 1356 1484 memoratione;
1381 1403 1468 1472 item
1484 1405 1528 1472 de
1546 1403 1826 1485 necessitudine,
1849 1425 1957 1496 quam
1982 1423 2063 1468 cum

1074 1502 1212 1574 familia
1227 1504 1352 1575 Planci
1366 1505 1595 1574 constitutam
1611 1501 1748 1576 habuit.
1798 1505 1928 1576 Postea
1947 1499 2064 1594 sequi-

1076 1617 1135 1678 tur
1156 1605 1355 1698 propositio
1380 1602 1660 1689 adhortationis,
1687 1619 1728 1676 ut
1750 1629 1873 1677 curam
1894 1601 2066 1695 reipubli-

1076 1733 1137 1778 cae
1152 1709 1392 1779 desendendae
1409 1708 1589 1800 suscipiat.
1639 1707 1812 1778 Rationes
1832 1717 2022 1778 sumuntur
2040 1727 2063 1772 a

1074 1811 1170 1880 facili
1185 1835 1246 1881 seu
1262 1810 1435 1903 possibili,
1463 1821 1585 1904 estque
1602 1811 1789 1882 interserta
1807 1807 1950 1880 collatio
1964 1805 2062 1899 prio·
2087 1859 2089 1864 .

1074 1911 1124 1985 ris
1148 1912 1328 1984 servitutis
1350 1913 1416 1982 sub
1432 1911 1581 1982 Caesare
1602 1925 1638 1982 et
1662 1912 1858 2004 praesentis
1874 1907 2061 1980 libertatis.

1076 2015 1264 2088 Conclusio
1293 2025 1432 2086 constat
1462 2012 1730 2085 enumeratione
1759 2037 1947 2086 causarum
1976 2007 2062 2082 scri-

1073 2118 1193 2190 bendi.
1243 2113 1284 2186 ln
1297 2117 1367 2188 line
1382 2117 1495 2188 desert
1508 2141 1613 2190 sunm
1629 2117 1796 2190 officium.

1318 2294 1455 2366 Aliud
1487 2311 1814 2389 argumentum.

1173 2429 1382 2502 Hortatoria
1417 2443 1490 2516 est,
1535 2455 1577 2502 ac
1607 2430 1701 2502 miro
1735 2429 1883 2502 artificio
1910 2439 2062 2526 constat,

1072 2555 1145 2627 quo
1179 2547 1262 2604 ante
1294 2530 1537 2604 hortationem
1573 2547 1693 2626 captat
1728 2534 1890 2604 animum
1924 2527 2061 2602 Planci.

1070 2636 1261 2706 Praedicat
1280 2637 1376 2706 enim
1397 2637 1472 2708 cius
1494 2635 1663 2720 virtutes,
1704 2649 1743 2706 ut
1771 2661 1853 2706 eom
1877 2631 2060 2704 extimulat

1072 2738 1119 2807 ad
1150 2737 1403 2808 vindicandam
1439 2739 1484 2808 ab
1513 2737 1674 2809 Antonio
1707 2730 1987 2830 rempublicam,
2024 2744 2061 2801 ct

1070 2863 1172 2910 suam
1188 2839 1382 2911 amicitiam
1398 2843 1505 2934 longe
1527 2853 1803 2924 commemorat,
1829 2852 1869 2910 ut
1891 2835 2061 2929 suspicio-
2153 2887 2157 2892 -

1069 2963 1153 3012 nem
1187 2943 1403 3014 diffidentiae
1433 2942 1597 3012 declinet.
1660 2941 1806 3012 Initium
1835 2937 1944 3010 habet
1971 2939 2060 3006 duas

1070 3045 1306 3128 narrationes,
1333 3045 1483 3114 alteram
1496 3045 1540 3113 de
1558 3044 1868 3114 commendatione
1884 3042 2059 3112 virtutum

1070 3139 1215 3230 Planci,
1241 3147 1390 3216 alteram
1414 3147 1458 3214 de
1483 3144 1640 3214 amicitia
1664 3169 1727 3217 sua
1749 3158 1785 3214 et
1806 3140 2056 3216 benevolentia

1071 3272 1154 3340 erga
1172 3249 1357 3320 Plancum.
1408 3247 1547 3318 Deinde
1564 3259 1616 3319 est
1633 3247 1855 3343 propositio,
1881 3269 1952 3341 qua
1973 3239 2058 3312 hor-

1070 3363 1168 3422 tatur
1191 3375 1271 3422 eum
1296 3352 1343 3420 ad
1365 3351 1622 3423 defendendam
1648 3351 1920 3443 rempublicam.
1977 3343 2058 3415 Pri-

1069 3477 1168 3524 mum
1185 3465 1433 3546 argumentum
1451 3465 1501 3522 est
1518 3451 1650 3522 alacili
1663 3478 1726 3523 seu
1740 3450 1921 3545 possibili,
1949 3449 2059 3543 quod,

1070 3580 1150 3628 com
1173 3557 1296 3626 consul
1319 3556 1365 3626 sit
1387 3554 1609 3646 designatus,
1650 3553 1846 3646 plurimum
1873 3552 1992 3622 valeat
2020 3547 2059 3618 in
2132 3636 2138 3648 .

1068 3658 1261 3751 republica.
1297 3657 1499 3728 Secundum
1514 3668 1764 3748 argumentum
1781 3657 1826 3725 ab
1842 3653 1934 3738 utili,
1960 3651 2059 3746 quod

1068 3760 1128 3829 illa
1145 3784 1201 3829 res
1216 3759 1269 3828 illi
1284 3781 1450 3848 magnam
1468 3757 1620 3849 gloriam
1636 3757 1797 3850 paritura
1813 3755 1870 3826 sit.
1918 3751 1960 3824 ln
1974 3775 2059 3822 con·

1068 3860 1226 3932 elusione
1259 3884 1335 3952 per,
1348 3859 1618 3931 translationem
1641 3859 1837 3930 admodum
1858 3855 2057 3947 verecunde

1068 3985 1211 4036 cansam
1232 3963 1412 4034 scribendi
1433 3963 1600 4057 exponit,
1634 3975 1741 4058 atque
1770 3960 1926 4034 breviter
1952 3981 2057 4030 suum

1069 4066 1224 4138 ulfinum
1243 4065 1443 4158 pollicetur.
1801 4066 1804 4072 '

1310 4246 1447 4319 atiud
1480 4259 1810 4339 argumentum.
1911 4259 1915 4264 '

1169 4383 1235 4457 Est
1263 4383 1471 4477 gravissima
1494 4379 1722 4469 adhortatio,
1760 4395 1801 4452 nt
1822 4381 1975 4454 Plancus
1997 4380 2058 4450 dc·
2174 4375 2177 4382 ’

1068 4486 1227 4580 signatos
1242 4486 1315 4558 iam
1332 4487 1456 4558 consul
1472 4488 1517 4555 ad
1543 4486 1801 4577 rempublicam
1823 4496 1918 4556 recte
1944 4479 2058 4552 admi-

1067 4591 1292 4662 nistrandam
1316 4589 1477 4659 animum
1500 4587 1646 4658 adiiciat
1666 4602 1702 4659 et
1722 4587 1921 4658 Antonium
1944 4585 2058 4678 repri-

1068 4706 1156 4766 mat.
1206 4691 1357 4764 Orditur
1372 4691 1418 4762 ab
1440 4693 1596 4761 adventu
1618 4703 1654 4760 et
1672 4689 1846 4761 relatione
1860 4687 1988 4760 Furuii
2005 4699 2057 4756 ta-

1067 4793 1218 4867 bellarii.
1252 4793 1391 4864 Deinde
1406 4792 1561 4864 instituit
1574 4792 1817 4863 narrationem
1835 4793 1880 4862 de
1895 4815 1958 4862 sua
1972 4813 2055 4882 erga

1068 4898 1241 4969 Plancum
1267 4907 1302 4964 et
1321 4895 1476 4966 maiores
1500 4894 1573 4965 eius
1596 4895 1867 4979 benevolentia,
1900 4906 1941 4964 ut
1961 4916 2061 4962 com.

1101 5169 1151 5238 11)
1169 5169 1340 5235 sumatis]
1358 5167 1400 5220 stc
1416 5167 1504 5220 rata.
1522 5167 1618 5231 1117.,
1637 5169 1731 5236 1111,
1750 5170 1844 5233 1160,
1867 5167 1951 5218 111111.
1972 5163 2059 5232 1110,

1139 5241 1232 5307 1111,
1252 5239 1347 5305 1111,
1366 5237 1442 5290 1117.
1460 5239 1640 5299 praestantis.

1101 5341 1151 5404 11)
1169 5343 1228 5393 ttoc
1244 5340 1433 5404 argumentum
1452 5339 1480 5389 at
1497 5337 1552 5390 tcta
1569 5339 1714 5403 sequentta
1732 5335 1969 5402 carractere,
1993 5335 2060 5390 1101

1139 5411 1254 5465 -1101,
1273 5408 1445 5461 exaltentur.
1745 5411 1747 5418 ·
1769 5459 1775 5466 ,
