4648 5794
49 181 125 258 os
178 181 300 258 xnn
344 181 655 260 mammam
675 181 743 256 rr
764 177 1035 259 senonum
1051 174 1331 269 monnau.
1355 180 1441 261 cic
1464 183 1554 262 um.
1567 185 1640 263 m.
1666 189 1809 272 mn.
1823 195 1881 272 15.
1897 199 1955 274 rs.
1983 163 2083 286 ,ese
2134 179 2139 186 “

219 352 408 432 Scholia
442 356 489 428 iu
520 355 764 451 epistolam
789 357 865 431 XV.

151 505 183 600 §.
203 510 237 580 1.
271 513 316 582 Si
336 534 393 579 cos
414 505 658 606 tiemonem]
692 507 876 582 Narratio.
955 513 1040 582 Cor-

48 613 152 699 reptis
173 605 407 706 mrtipalibuc]
435 610 601 698 sublatis,
626 611 831 704 interceptis
852 613 989 685 fraude.

340 781 743 878 Argcrmentum⁷⁴).

162 911 394 984 Nuntiatoria
420 927 472 988 est
492 916 661 1009 epistola,
700 917 739 987 iu
762 941 833 1012 qua
856 915 906 986 ita
930 939 1037 1007 expo·

47 1027 182 1086 nuntur
195 1038 253 1087 res
271 1015 309 1084 in
325 1016 411 1086 Asia
433 1030 569 1106 gestae,
602 1031 643 1088 ut
665 1019 802 1111 possint
823 1042 895 1090 esse
919 1042 1036 1087 exem-

47 1119 124 1209 plar
139 1129 333 1209 perpetuae
347 1121 577 1191 narrationis.
627 1120 752 1192 Primo
768 1121 863 1192 enim
881 1143 1036 1190 comme·

46 1231 164 1288 morat
183 1217 376 1305 Lentulus,
418 1224 601 1314 quomodo
622 1221 808 1293 Dolabella
833 1223 955 1294 Asiam
976 1223 1035 1292 de-

45 1321 215 1406 vastarit,
258 1345 299 1392 ac
327 1323 516 1415 pecuniam
539 1325 717 1416 publicam
740 1351 782 1395 ex
806 1325 1034 1416 vectigalibus

46 1424 230 1494 collectam
261 1424 476 1515 surripuerit
488 1425 547 1522 ⁷⁶).
613 1425 752 1498 Deinde
783 1429 826 1498 de
854 1426 1032 1497 malitiosa

43 1521 273 1597 Rhodiorum
297 1527 446 1618 perfidia
469 1528 720 1623 conqueritur,
761 1531 858 1624 quod
890 1531 1034 1600 faveant

40 1629 206 1720 partibus
228 1627 455 1714 Dolabellae,
494 1644 529 1700 et
557 1631 661 1702 bonis
681 1631 767 1702 viris
791 1633 1033 1702 adversentur.

42 1732 234 1802 Postremo
250 1730 344 1801 redit
359 1732 405 1800 ad
427 1731 684 1824 expositionem
709 1758 830 1804 rerum
854 1746 1032 1825 gestarum

41 1845 76 1902 et
92 1832 252 1903 breviter
268 1858 411 1928 quoque
425 1835 516 1926 petit
539 1835 578 1904 in
598 1861 659 1908 eos
674 1835 888 1928 supplicium
913 1835 1033 1920 statui,

40 1934 107 2028 qui
136 1935 318 2006 oblivione
349 1935 511 2028 publicae
532 1939 705 2030 pecuniae
725 1939 930 2009 societatem
952 1963 1032 2008 cum

37 2037 231 2107 Dolabella
253 2036 411 2110 inierint.
478 2038 582 2108 Circa
609 2041 716 2109 finem
743 2052 903 2110 recenset
925 2064 1034 2136 quae·

38 2143 127 2208 dam
163 2142 207 2209 de
235 2140 421 2210 conatibus
444 2139 653 2212 Dolabellae
677 2167 719 2212 ex
740 2142 915 2213 relatione
940 2142 1033 2212 mili-

38 2255 140 2326 tum,
162 2240 223 2336 qui
241 2241 285 2312 ab
303 2267 344 2311 eo
364 2241 575 2334 effugerunt.

291 2411 427 2483 Aliud
454 2427 782 2510 argumentum.
841 2499 846 2512 ἱ

146 2545 272 2640 Longa
287 2560 339 2619 est
352 2548 525 2640 expositio
541 2549 579 2620 in
593 2547 648 2622 his
662 2551 789 2622 litteris
810 2549 968 2645 primum
991 2549 1034 2618 il·'

41 2652 111 2720 lius
124 2651 367 2742 improbitatis
380 2650 589 2722 Dolabellae
612 2667 647 2723 et
671 2678 791 2725 rerum
817 2678 837 2722 a
861 2677 898 2724 se
920 2665 1033 2744 gesta-

40 2777 125 2823 rum
146 2754 192 2822 ad
216 2752 490 2845 opprimendum
520 2779 622 2838 eum,
637 2791 648 2836 ι
662 2756 722 2850 qui
754 2767 832 2825 erat
859 2753 1033 2826 iudicatus

43 2853 208 2948 publicus
231 2851 360 2938 hostis,
395 2869 543 2948 propter
563 2855 785 2927 Trebonium
801 2855 907 2926 Asiae
931 2881 1033 2948 prae-

44 2959 176 3027 lectum
193 2957 338 3049 indigne
353 2957 634 3028 circumventum
648 2971 683 3028 et
697 2960 933 3028 interfectum.
958 2956 1033 3026 Hu-

46 3059 100 3128 ius
122 3059 221 3128 enim
244 3071 371 3151 caput,
417 3060 508 3130 sicut
531 3072 585 3130 est
608 3062 705 3152 apud
726 3061 932 3152 Appianum
948 3058 1033 3154 ⁷⁵⁸),

48 3161 259 3246 abscissum,
285 3163 383 3256 quod
398 3161 475 3231 fieri
491 3163 642 3234 iusserat
653 3161 861 3244 Dolabella,
880 3161 920 3231 in
940 3161 1031 3232 solio

47 3261 248 3354 praetorio,
275 3289 347 3357 quo
361 3263 518 3335 iudicare
535 3263 660 3337 solitus
681 3277 777 3350 erat,
810 3263 905 3355 affigi
920 3263 1033 3350 iussit,

47 3365 83 3432 in
105 3366 204 3436 cuius
227 3379 351 3458 postea
375 3390 504 3458 corpus
532 3381 680 3459 propter
711 3391 835 3437 necem
857 3366 1033 3451 Caesaris,

51 3468 146 3538 cuius
168 3467 347 3561 particeps
367 3468 473 3539 luisse
498 3467 699 3553 dicebatur,
732 3467 932 3552 Antonius,
947 3481 1032 3558 ,tota

49 3567 272 3640 multitudine
296 3571 531 3663 permittente·
553 3583 590 3640 et
618 3571 807 3664 instigante
832 3570 1033 3656 Dolabella,

50 3672 236 3742 crudeliter
258 3672 445 3742 excanduit
472 3686 507 3742 et
528 3673 665 3745 saeviit.
724 3672 863 3743 Deinde
887 3672 1034 3764 exponit

50 3773 227 3866 querelam
249 3775 292 3843 de
313 3775 461 3867 perfidia
484 3771 723 3846 Rhodiorum.
782 3775 911 3845 Postea
933 3772 1033 3843 varia

50 3877 244 3960 adduntur,
270 3875 435 3946 videlicet
458 3877 670 3971 pollicitatio
696 3875 752 3948 sui
779 3876 888 3948 studii
908 3874 948 3945 in
972 3877 1033 3946 de-

48 3979 223 4048 fendenda
240 3979 441 4070 republica;
468 3974 673 4048 adhortatio
696 4001 760 4049 seu
773 3977 919 4070 petitio;
946 3977 1031 4046 item

48 4069 500 4175 significatio‘quorunaam
515 4103 704 4152 rumorum
723 4079 767 4150 de
783 4079 982 4152 Dolabella.

291 4249 427 4324 Aliud
458 4264 786 4345 argumentum.

148 4385 319 4458 Narratio
342 4388 387 4458 de
413 4387 562 4480 perfidia
587 4401 623 4458 et
644 4385 851 4459 crudelitate
866 4382 1037 4453 Dolabel-

42 4476 120 4573 lae,
146 4502 253 4582 atque
266 4502 308 4560 ut
321 4489 382 4559 ille
403 4490 581 4582 publicam
605 4489 795 4582 pecuniam
818 4487 857 4554 in
871 4486 956 4556 Asia
980 4487 1035 4553 in·

42 4593 236 4683 terceperit
256 4603 292 4662 et
312 4592 513 4672 abstulerim
548 4591 633 4662 item
656 4594 701 4661 de
721 4591 794 4661 suis
815 4587 971 4659 consiliis
994 4611 1035 4657 ac

39 4695 151 4766 rebus
173 4694 278 4787 gestis
303 4706 427 4765 contra
443 4693 681 4765 Dolabellam.
730 4691 869 4762 Deinde
893 4689 1035 4762 subiici·

77 4933 129 4994 π)
148 4931 203 4984 Pro
216 4931 260 4982 lits
273 4929 329 4982 cto.
341 4927 436 4980 veron
449 4925 478 4978 tn
489 4925 575 4978 nato.
584 4925 670 4990 ¹5⁴5,
689 4925 764 4978 tatto.
777 4922 839 4976 tute
853 4925 935 4978 notae
952 4934 1035 4987 prse-

112 5005 171 5055 nxs
186 5003 251 5052 sont
268 4999 425 5063 morentiae
449 4998 563 5050 Scelere
579 4995 763 5049 volumtas.-

74 5091 126 5151 74)
150 5089 208 5140 Hoc
224 5087 413 5150 argumentum
432 5085 459 5133 et
476 5083 530 5137 duo
547 5081 693 5146 sequentia
709 5083 744 5131 ab
758 5079 842 5134 uattt.
859 5079 948 5142 totto,
969 5075 1036 5128 1565

112 5185 149 5198 -
159 5158 236 5208 1596.
255 5155 422 5206 exhibentur.

77 5243 128 5308 75)
147 5255 180 5292 ac
204 5240 344 5306 pecuniam
363 5263 399 5274 -
416 5234 604 5298 surripuerit]
630 5236 671 5288 ato
695 5233 861 5299 nr.155s.;
898 5233 925 5284 tn
948 5232 1033 5285 Edttt.

114 5312 209 5374 taen,
229 5309 321 5372 tm,
342 5305 416 5356 tota.
434 5307 501 5354 neec
518 5304 626 5356 desunt.

81 5394 150 5450 751)
170 5379 285 5454 appui.
302 5389 371 5440 nen.
390 5387 450 5438 cir.
467 5388 514 5451 111,
532 5387 575 5438 26.

51 5479 237 5544 numeru.
251 5471 359 5541 Orro-
388 5472 475 5539 vn.
491 5471 597 5538 xvu.

1091 365 1151 426 tur
1167 357 1308 450 querela
1328 357 1372 428 de
1389 353 1614 452 Rhodiorum
1632 361 1778 457 perfidia
1796 381 1834 440 et
1853 365 1975 443 hostili
1996 397 2079 468 erga
2178 350 2189 370 ἱ

1091 459 1348 550 rempublicam
1371 461 1506 535 animo.
1562 463 1652 535 Eam
1676 467 1925 562 indignitatem
1952 480 2080 568 ampli-

1090 562 1182 632 ficat.
1226 557 1313 632 lude
1329 564 1373 632 de
1387 565 1458 636 suis
1473 565 1674 638 rationibus
1689 573 1968 662 provincialibus
1984 602 2081 650 com-

1091 675 1283 744 memorat;
1318 677 1501 756 postremo
1524 669 1568 737 de
1590 665 1769 761 praesenti
1792 688 1886 747 statu
1908 678 2077 751 Dolabel-

1089 763 1143 834 lae
1158 777 1193 834 et
1207 767 1313 837 rebus
1329 766 1367 835 in
1383 766 1486 861 Syria
1505 771 1622 861 gestis.

1250 940 1440 1017 Scholia
1469 945 1516 1016 in
1541 937 1793 1046 epistolam
1820 950 1911 1024 XVI.
2002 952 2006 960 “
2067 1039 2068 1044 ¹

1189 1072 1221 1168 ἓ.
1241 1079 1275 1149 1.
1301 1081 1456 1152 Alienus
1467 1076 1563 1178 oeni]
1586 1080 1650 1153 Est
1666 1083 1813 1174 epistola
1830 1089 2076 1176 gratulatoria.

1087 1179 1161 1261 Qua
1174 1203 1221 1252 en
1234 1175 1292 1277 re]
1318 1179 1537 1274 Propositio.
1599 1189 1679 1256 Non
1695 1190 1785 1255 enim
1801 1186 1929 1287 macir]
1954 1191 2074 1268 Ratio.

1072 1278 1324 1380 Naupactum]
1351 1283 1592 1376 Amplificatio
1615 1285 1816 1357 studiorum
1831 1292 2074 1368 adolescentis.

1084 1383 1203 1477 ltaque
1217 1379 1299 1481 titi]
1327 1383 1530 1458 Conclusio.

1073 1587 1076 1592 Δ
1188 1481 1219 1574 ἓ.
1234 1489 1271 1558 2.
1299 1487 1481 1582 potquam
1494 1484 1597 1586 milri]
1624 1487 1807 1562 Na'rratio.

1105 1621 1110 1630 ’
1374 1636 1705 1732 Argumentum
1721 1645 1780 1739 ⁷⁶).
1957 1729 1963 1746 ι

1173 1767 1336 1841 ‘Generis
1362 1757 1637 1844 demonstrativi
1670 1789 1723 1847 est
1755 1775 1915 1869 epistola.
1981 1749 2072 1851 Cunl

1085 1869 1179 1940 euim
1197 1870 1401 1945 Trebonius
1422 1900 1516 1946 unus
1540 1901 1582 1946 ex
1601 1877 1887 1949 interfectoribus
1911 1881 2072 1954 Caesaris

1085 1972 1263 2064 effugisset
1278 1999 1319 2044 ex
1334 1978 1421 2046 urbe
1438 1989 1473 2046 et
1486 1977 1526 2046 in
1538 1978 1661 2050 Asiam
1676 1981 1900 2072 provinciam
1922 1982 1990 2054 sibi
2012 1985 2073 2054 de·

1085 2087 1217 2145 cretam
1234 2077 1533 2168 proficisceretur,
1561 2081 1729 2151 convenit
1749 2082 1788 2150 in
1809 2081 1936 2154 itinere
1957 2085 2071 2155 filium

1085 2177 1285 2264 Ciceronis,
1312 2202 1392 2249 cum
1407 2176 1556 2254 Athenis
1574 2185 1669 2274 apud
1686 2183 1895 2277 Cratippum
1912 2181 2071 2279 philoso-

1084 2276 1190 2371 phiae
1207 2303 1352 2372 operam
1370 2296 1531 2355 navaret.
1581 2282 1705 2381 ltaque
1721 2284 1905 2378 praedicat
1919 2283 1977 2359 hic
1995 2289 2070 2360 eius
2193 2283 2194 2289 ἵ

1084 2381 1221 2466 studia,
1256 2394 1291 2451 et
1311 2383 1524 2474 gratulando
1546 2409 1647 2456 suam
1668 2387 1954 2458 benevolentiam
1978 2389 2070 2458 indi·
2148 2471 2153 2480 „

1085 2497 1151 2555 cat.
1202 2483 1353 2555 Orditur
1373 2509 1392 2555 a
1413 2487 1641 2572 narratione,
1672 2511 1781 2584 quam
1804 2488 1965 2582 sequitur
1986 2516 2070 2584 pro-

1084 2585 1214 2678 positio
1230 2587 1505 2680 praedicationis
1517 2591 1666 2682 figurata
1682 2591 1920 2682 gratulatione
1937 2606 1971 2662 et
1986 2617 2070 2663 con-

1083 2692 1224 2760 firmata
1253 2688 1458 2761 testimonio
1488 2691 1543 2763 sui
1574 2715 1657 2783 erga
1686 2691 1896 2764 Ciceronem
1925 2695 2070 2767 amoris.

1083 2791 1215 2862 Addita
1248 2804 1301 2862 est
1332 2792 1560 2884 amplificatio
1580 2818 1646 2886 per
1670 2795 1959 2886 occupationem,
2000 2821 2072 2890 qua

1084 2892 1333 2964 assentationis
1350 2893 1587 2986 suspicionem
1603 2909 1775 2968 removet.
1831 2895 1970 2968 Deinde
1987 2922 2072 2967 con-

1084 2995 1194 3066 cludit
1227 2994 1522 3086 gratulationem,
1565 3021 1606 3066 ac
1639 2997 1782 3068 subiicit
1813 3000 2072 3084 narrationem,

1085 3120 1154 3191 qua
1171 3097 1329 3188 exponit,
1351 3100 1534 3190 quomodo
1548 3097 1754 3170 invitaverit
1764 3099 1945 3173 Ciceronis
1959 3101 2072 3171 lilium

1084 3200 1129 3268 ad
1144 3198 1366 3270 invisendam
1379 3200 1522 3284 Asiam,
1548 3225 1629 3272 cum
1645 3225 1728 3272 eum
1746 3201 1820 3273 eius
1833 3203 1888 3272 rei
1903 3203 2072 3294 cupidum

1084 3299 1259 3372 sensisset.
1296 3301 1465 3394 Sequitur
1483 3299 1590 3372 etiam
1606 3301 1676 3372 alia
1686 3304 1861 3388 narratio,
1888 3329 1958 3399 qua
1977 3329 2073 3374 com-

1083 3403 1231 3473 mendat
1256 3401 1421 3473 Ciceroni
1443 3428 1549 3475 suum
1576 3428 1726 3498 poema,
1768 3407 1884 3476 obiter
1910 3431 1946 3478 se
1971 3431 2074 3493 excu-

1083 3521 1183 3589 sans,
1217 3507 1315 3598 quod
1336 3505 1483 3576 liberius
1506 3509 1678 3601 quosdam
1701 3507 1893 3578 insectatus
1915 3509 1973 3579 sit.
2031 3507 2074 3578 ln
2193 3579 2196 3588 ,
2317 3509 2318 3564 l

1083 3610 1152 3778 {ne
1166 3609 1255 3725 petit
1265 3631 1302 3678 se
1318 3605 1511 3678 immisceri
1527 3607 1753 3698 dialogisticis
1772 3609 2073 3700 disputationibus

1114 3732 1277 3780 rceroms.

1331 3842 1466 3912 Aliud
1492 3833 1819 3935 argumentum.

1185 3973 1337 4069 Elegans
1371 3989 1424 4049 est
1452 3976 1600 4071 epistola
1622 3977 1817 4064 Trebonii‚
1857 3978 1991 4074 inqua
2018 3979 2072 4080 iu7

1085 4081 1199 4151 eunde
1215 4091 1341 4149 narrat
1355 4081 1398 4150 de
1420 4079 1545 4153 studiis
1565 4081 1629 4151 filii
1645 4081 1845 4165 Ciceronis,
1880 4081 1920 4150 in
1945 4081 2073 4177 quibus

1086 4196 1121 4254 et
1150 4182 1299 4253 feliciter
1330 4178 1502 4256 hacteuus
1535 4196 1693 4254 versatus
1725 4183 1850 4267 fuerit,
1890 4183 2075 4254 contendit

1086 4284 1194 4356 etiam
1209 4309 1274 4356 suo
1290 4285 1407 4357 studio
1424 4310 1572 4378 pergere
1595 4285 1634 4352 in
1655 4285 1736 4356 illis.
1787 4283 1899 4356 Addit
1920 4286 2005 4370 item
2029 4288 2098 4354 de¹

1086 4389 1243 4458 eiusdem
1260 4389 1545 4480 peregrinatione
1562 4383 1711 4458 honesta
1735 4398 1771 4457 et
1793 4386 1884 4457 utili.
1942 4388 2074 4458 Postea

1085 4489 1226 4561 subiicit
1240 4491 1285 4558 de
1299 4499 1365 4560 suo
1390 4501 1554 4580 poemate
1575 4503 1699 4559 contra
1716 4487 1915 4559 Caesarem.
1966 4487 2075 4559 Ordi-

1086 4605 1145 4663 tur
1160 4617 1181 4662 a
1195 4591 1423 4674 narratione,
1449 4593 1487 4659 in
1506 4615 1575 4686 qua
1592 4591 1774 4683 praedicat
1789 4588 1946 4661 studium
1965 4604 2000 4660 et
2020 4590 2074 4661 di-

1085 4692 1269 4786 ligentiam
1283 4693 1347 4762 lilii
1357 4693 1550 4779 Ciceronis,
1567 4695 1686 4764 addita
1703 4691 1953 4784 gratulatione,
1974 4697 2073 4789 quod

1085 4797 1192 4866 talem
1208 4792 1338 4895 habeat
1351 4795 1462 4865 filium
1476 4809 1598 4889 pater,
1625 4795 1686 4892 qui
1710 4795 1834 4866 studiis
1853 4805 1889 4864 et
1911 4797 2072 4868 moribus

1084 4895 1243 4970 honestis
1258 4898 1439 4990 praeditus
1452 4897 1509 4969 sit.
1545 4905 1548 4910 ’
1566 4897 1668 4968 Hanc
1686 4896 1847 4992 sequitur
1861 4896 1931 4966 alia
1946 4922 2072 4968 narra-

1086 5002 1136 5072 tio
1152 5003 1196 5071 de
1209 5000 1370 5072 instituta
1384 5000 1603 5093 profectione
1617 5001 1682 5071 filii
1694 4995 1954 5072 honestissima.
1981 5000 2070 5068 Ter-

1085 5105 1133 5174 tia
1152 5103 1333 5189 narratio,
1364 5126 1456 5198 quae
1480 5116 1532 5174 est
1551 5105 1658 5196 plane
1683 5127 1798 5187 nova,
1832 5101 1989 5170 continet
2011 5123 2071 5170 ru·

1117 5311 1166 5370 aa)
1183 5310 1243 5360 noo
1258 5309 1447 5375 argumentum
1464 5310 1493 5358 et
1510 5307 1564 5360 too
1581 5303 1726 5374 sequuta
1743 5303 1772 5356 tn
1788 5289 1873 5355 rote
1895 5297 1981 5366 toth,
2003 5299 2071 5354 titt

1151 5377 1270 5432 ‘'lm-
1288 5380 1406 5432 fflml·
1907 5383 1911 5388 ¹

1456 5445 1506 5520 28
1725 5469 1815 5544 μή
