4548 5788
13 175 70 250 vu
182 169 371 246 xmvur.
409 170 649 255 ,utrumn
671 166 935 248 omrtons
960 117 1217 244 moron*
1232 165 1435 244 corma
1462 169 1854 246 cresunonrru.
1953 164 2036 250 eet

13 371 38 416 tc
53 347 254 429 barbarus,
279 367 366 418 vocs
387 318 569 417 Graecam
580 345 741 440 lguam
759 371 912 434 sonans,
937 347 1000 418 sed
1050 342 1231 414 donorum
1254 341 1392 430 incidi,
1417 368 1530 436 pauca
1554 343 1741 430 adiiciam,
1770 367 1821 414 ne
1840 341 1930 416 mibi
1955 347 2046 420 ercl-
2125 405 2132 416 ,
2209 409 2213 418 ,

13 449 235 542 mprobitate
250 441 384 538 ingenii
399 450 641 543 peregrinam.
842 473 844 476 ·
1050 445 1139 514 dent
1155 469 1175 516 e
1190 447 1378 518 memorie.
1429 445 1467 520 Si
1488 473 1563 520 non
1590 446 1828 518 emendabitis
1849 443 1948 518 bunc
1967 473 2046 520 mo·
2173 463 2175 468 “

99 549 233 620 lamio
250 549 460 645 quotidiana
475 553 548 622 vita
563 551 681 648 qualis
703 553 782 624 est?
832 552 997 624 Primum
1049 571 1148 632 rem,
1189 559 1263 618 tam
1285 550 1492 646 frequenter
1513 539 1769 624 levissimisde
1789 551 1906 623 causis
1925 552 2047 622 decer·

13 655 202 724 sraelectus
241 651 361 725 classis
399 667 494 736 erat;
543 667 667 747 postea
707 656 825 750 coepit
863 656 998 728 oratio·
1049 649 1159 720 uendi
1175 673 1346 736 coronas,
1371 659 1514 725 tandem
1531 679 1648 750 neque
1664 650 1721 738 bi,
1748 653 1811 747 qui
1835 649 1977 726 honore
1996 656 2048 724 ei-

13 783 59 828 res
105 756 289 839 scribere,
350 779 430 826 cum
471 757 752 851 patrimonium*
770 783 836 852 per
872 762 996 830 lurum
1049 752 1236 836 ficiuntur,
1262 756 1415 846 gratiam
1435 759 1537 830 vobis
1553 753 1758 840 habebunt,
1789 779 1906 850 neque
1923 776 2048 850 respu-

13 873 106 956 rtque
138 857 325 929 libidinem
360 859 547 932 amisisset.
615 860 664 932 Et
696 886 778 932 cum
813 887 854 932 es
887 861 925 931 in
958 887 997 932 re
1049 855 1141 926 blica
1166 867 1262 924 recte
1285 859 1615 942 administrabitur3
1651 883 1736 930 nam
1760 859 1946 951 improbos
1969 883 2046 932 non

13 965 132 1032 erfide
170 961 497 1056 praevaricaretur,
546 975 582 1034 et
612 965 794 1037 orationes
828 967 997 1036 adversa·
1049 958 1204 1028 reddetis
1216 961 1405 1044 meliores,
1430 964 1545 1034 bonos
1561 975 1679 1034 entem
1694 963 1972 1034 absterrebitisa
1988 985 2046 1032 ca·

13 1066 59 1136 iis
87 1067 289 1160 proderet,
334 1064 505 1138 transiliit
537 1068 584 1136 ad
613 1080 829 1160 suggestum.
905 1066 996 1138 Cum
1049 1062 1223 1158 pessenda
1247 1065 1453 1156 republica,
1496 1091 1577 1137 cum
1598 1065 1773 1137 videbunt
1794 1064 1954 1156 praemia
1977 1065 2047 1136 sibi

13 1181 118 1239 tutem
162 1167 360 1261 plurimum
402 1167 542 1262 argenti
582 1171 627 1239 sb
666 1171 763 1242 urbe·
795 1171 998 1266 accepisset,
1050 1187 1129 1236 cum
1147 1162 1322 1256 improbis
1341 1170 1546 1240 communia
1563 1193 1650 1242 esse.

13 1295 125 1341 tarum
157 1270 291 1367 reliqui
319 1270 398 1342 luit.
464 1271 570 1344 Nunc
596 1274 695 1366 regio
719 1298 810 1346 auro
835 1285 998 1367 sumptus
1153 1266 1263 1360 (2110‘1
1280 1283 1399 1342 aulem
1414 1297 1498 1342 vera
1516 1272 1646 1356 diem,
1662 1268 1921 1340 Vidfflffflssffiss
1935 1267 2046 1360 ⁸53²&

13 1399 77 1446 uos
92 1373 246 1459 tolerat,
273 1397 494 1469 quamquam
509 1399 557 1444 ne
570 1371 640 1446 boc
653 1376 799 1473 quidem
814 1377 899 1450 satis
925 1387 995 1457 est;
1050 1369 1237 1440 ostendere
1267 1397 1383 1464 posse.
1447 1377 1486 1447 Si
1518 1376 1598 1471 quis
1628 1373 1724 1445 enim
1747 1374 1945 1462 interroget
1968 1393 2046 1458 vos,

13 1478 114 1548 sullae
144 1477 244 1546 enim
275 1500 361 1569 opes
396 1479 499 1550 malis
522 1479 684 1552 moribus
709 1504 892 1572 superesse
915 1503 998 1572 pos·
1047 1483 1170 1542 utrum
1186 1476 1444 1566 magislloreat
1460 1476 1549 1550 baec
1573 1475 1697 1550 civitas
1720 1487 1845 1547 nostro
1871 1485 2046 1566 tempore,

13 1593 87 1652 uut.
140 1577 185 1648 ln
205 1603 366 1666 summa,
392 1583 526 1652 victum
542 1577 652 1654 habet
665 1607 742 1653 non
756 1607 798 1654 ex
815 1607 901 1667 suo,
934 1583 997 1654 sed
1049 1597 1096 1644 an
1114 1573 1294 1647 maiorum
1310 1595 1542 1666 nostrorum,
1566 1577 1790 1652 hauddubie
1814 1600 1939 1648 omues
1958 1579 2047 1652 letr-

13 1708 37 1753 rr
57 1683 187 1754 vestris
203 1683 384 1776 periculis.
1048 1675 1177 1756 bimini
1195 1682 1351 1755 maiores
1371 1679 1538 1757 habuisse
1563 1683 1822 1777 rempublicam
1843 1679 2047 1754 meliorem.

95 1785 146 1855 At
167 1809 263 1880 quae
272 1785 488 1880 prudentia,
514 1800 577 1859 aut
592 1785 796 1883 eloquentia
820 1786 897 1858 eius
920 1811 995 1858 esse
1047 1778 1256 1853 Fueruntne
1286 1797 1371 1856 tunc
1394 1788 1674 1879 praestantiores
1699 1785 1812 1868 cives,
1851 1807 1900 1852 an
1924 1779 2047 1852 none?

13 1888 136 1961 intest?
165 1890 351 1984 quomodo
370 1889 466 1959 enim
483 1915 563 1962 cum
579 1891 680 1961 vivat
693 1891 867 1984 turpiter,
892 1913 998 1983 prae-
1047 1884 1209 1974 prolecto
1232 1887 1338 1980 longe
1364 1891 1606 1962 excelluerunt
1626 1888 1782 1959 maiores
1804 1884 1933 1956 nostri.
1998 1883 2048 1954 tt

13 1993 87 2064 lare
107 1993 230 2062 dicere
244 1991 388 2086 potest?
439 1993 497 2064 Sic
512 1993 607 2064 enim
624 2005 660 2064 et
676 2018 828 2088 corpore
843 2017 909 2064 suo
926 1992 996 2063 uti·
1047 1987 1230 2078 praemia,
1270 2013 1447 2078 coronae,
1490 1993 1607 2080 tituli,
1655 1988 1855 2086 stipendia,
1894 1987 2048 2080 plurem

13 2120 72 2181 ur,
96 2109 132 2166 et
145 2096 341 2168 insidietur
355 2095 508 2169 aliorum
525 2097 710 2183 uxoribus,
735 2107 776 2168 ut
791 2094 925 2190 pudeat
937 2120 996 2166 re·
1048 2101 1134 2159 tunc
1150 2091 1316 2179 fecerunt,
1342 2119 1390 2166 an
1403 2092 1474 2166 boc
1489 2095 1677 2191 tempore?
1728 2093 1827 2164 Rara
1842 2102 1928 2162 tunc
1943 2103 2048 2161 erant

13 2223 158 2284 :enscre,
188 2221 280 2294 quae
296 2196 431 2271 lecerit.
483 2199 597 2294 Saepe
612 2201 708 2274 enim
724 2199 801 2270 vidi
816 2195 903 2285 bos,
932 2198 996 2294 qui
1047 2189 1114 2262 isla
1128 2195 1290 2286 praemla
1305 2200 1401 2291 apud
1414 2223 1502 2285 nos,
1538 2200 1655 2293 ipsum
1673 2195 1817 2268 Vistulll
1831 2215 1965 2264 ΝΜ
1981 2215 2047 2286 Per
2109 2243 2112 2248 ·

13 2301 110 2372 dieue
125 2302 264 2394 flagitia
278 2301 525 2398 uimis‘aperte
539 2303 759 2389 recitarunt,
785 2304 909 2375 odium
925 2301 997 2374 sibi
1029 2317 1124 2366 ⁴⁹³0
1146 2295 1185 2363 'in
1206 2299 1448 2372 admiratione
1469 2315 1564 2385 θῑθῑῐ
1607 2325 1705 2372 ¹¹1¹ssss
1725 2311 1843 2370 aulem
1867 2296 2047 2366 mummi·

13 2407 161 2478 :onllare
216 2403 313 2500 Quid
328 2419 448 2476 autem
471 2407 650 2499 praestitit
668 2405 832 2478 civitati?
856 2404 996 2498 magni·
1047 2409 1182 2468 uantur
1196 2403 1356 2492 praemla
1378 2405 1537 2487 virtutis;
1564 2430 1649 2476 nam
1668 2423 1823 2474 ⁰⁰r⁰¹¹³0
1841 2421 2047 2470 mmm·

13 2509 77 2581 lcos
92 2532 300 2594 sermones,
324 2509 417 2579 facta
437 2511 570 2605 turpia,
1046 2499 1171 2572 tudine
1188 2502 1265 2574 sinc
1278 2506 1416 2580 deleclu
1438 2511 1693 2581 decernuntur.
1750 2503 1911 2579 Proinde
1936 2501 1967 2574 tl
1982 2525 2047 2576 01·
2136 2528 2139 2536 ’

94 2613 217 2685 Porro
234 2614 279 2681 de
297 2611 374 2684 eius
389 2612 603 2684 fortitudine
624 2611 782 2685 breviter
803 2613 939 2694 dicem;
965 2611 996 2684 si
1047 2603 1243 2696 penderitis
1273 2609 1469 2682 absurdum
1497 2635 1592 2696 esse,
1625 2606 1849 2690 iudicabitis,
1881 2604 2046 2698 praemia

13 2714 90 2784 enim
105 2727 258 2810 negaret
272 2739 309 2786 se
324 2714 491 2787 timidum
509 2707 605 2802 esse,
639 2731 675 2788 et
694 2740 759 2788 ros
783 2714 821 2785 id
843 2713 996 2788 nescire·
1046 2708 1268 2802 frequentius
1283 2707 1354 2782 boc
1368 2728 1532 2810 tempore
1549 2713 1713 2798 decerni,
1737 2735 1820 2784 eum
1836 2721 1958 2780 tamen
1977 2707 2047 2778 rei-

13 2816 53 2903 is,
73 2819 211 2892 diutius
225 2818 264 2888 in
277 2814 346 2888 boc
362 2833 575 2912 argumento
589 2821 888 2891 commorandum
904 2814 996 2888 mihi
1046 2809 1211 2903 publicae
1225 2825 1338 2889 status
1352 2819 1398 2890 sit
1409 2821 1586 2904 deterior,
1613 2841 1722 2913 quem
1736 2813 1825 2886 otim
1839 2811 1924 2896 luit,
1949 2835 2047 2882 011ῐῦ-

13 2935 94 2994 esset.
145 2922 220 2994 Sed
238 2921 411 3017 quoniam
435 2922 512 3018 ipse
533 2926 665 2994 fatetur
688 2926 727 2994 in
749 2921 994 3006 concionibus,
1048 2935 1118 3008 que
1134 2914 1229 2987 cives
1243 2915 1333 2988 olim
1348 2923 1627 3014 praestantiores
1641 2917 1744 2992 omni
1756 2937 1886 3009 genere
1903 2912 2060 2986 v'rtutis‘

13 3035 34 3092 tt
47 3049 107 3096 vos
121 3025 238 3098 scitis:
265 3024 445 3122 reliquum
461 3038 533 3112 est,
566 3040 607 3099 ut
628 3027 774 3099 recitem
799 3021 867 3095 hac
887 3024 931 3095 de
956 3049 995 3095 re
1046 3016 1191 3101 fuerint,
1205 3043 1319 3113 quem
1333 3039 1541 3098 nuncsuut.
1579 3024 1658 3118 Ego
1675 3045 1763 3094 vero
1778 3041 1923 3093 causam
1938 3012 2048 3090 huius

14 3149 98 3218 eges.
140 3128 257 3201 Solon
270 3129 368 3198 enim
383 3142 485 3203 vetus
499 3129 717 3222 legumlator
732 3127 929 3214 constituit,
953 3140 996 3199 ut
1046 3119 1102 3190 rei
1117 3121 1221 3192 vobis
1237 3147 1429 3216 exponam.

13 3233 118 3302 erdem
141 3255 263 3325 poena
295 3231 491 3320 afficiatur,
531 3233 595 3329 qui
618 3233 784 3304 militiam
810 3233 996 3315 detrectat,
1149 3223 1335 3299 Putatisne
1363 3231 1546 3315 futurum,
1587 3241 1628 3300 ut
1653 3225 1805 3325 quisque
1827 3236 1990 3299 exerceat
2007 3243 2047 3300 sc

13 3343 35 3402 tt
54 3337 115 3429 qui
135 3335 251 3406 aciem
275 3335 425 3422 deserit,
464 3349 499 3407 et
520 3337 583 3432 qui
604 3336 752 3410 timidus
775 3347 846 3420 est;
887 3337 995 3405 datur
1047 3327 1095 3394 ad
1108 3339 1290 3398 certamen
1309 3331 1455 3428 aliquod
1471 3333 1699 3428 publicorum
1715 3331 1908 3415 ludorum,
1940 3328 1970 3400 si
1989 3353 2047 3400 co·

13 3436 89 3508 mim
106 3441 202 3510 actio
219 3451 345 3510 contra
361 3439 574 3536 timidos¹²).
624 3440 737 3537 Atqui
754 3439 908 3510 miretur
930 3437 995 3507 ali-
1045 3451 1138 3499 ΝΜ
1153 3452 1229 3502 non
1245 3457 1314 3526 pro
1328 3437 1460 3509 virtute
1475 3439 1600 3521 detur,
1626 3437 1688 3508 sed
1708 3429 1847 3504 technis
1873 3446 1909 3502 et
1933 3432 2048 3504 ambi·

13 3539 93 3632 quie,
132 3565 180 3612 a„
211 3555 363 3613 naturae
386 3543 610 3615 imbecillitas
631 3545 671 3614 ῑῃ
693 3542 874 3616 iudiciumx
889 3566 995 3611 voce.
1046 3531 1145 3601 tione
1171 3535 1358 3608 interverti
1377 3539 1538 3632 poterit?
1600 3539 1638 3609 si
1660 3539 1698 3607 id
1721 3534 1908 3620 acciderit,
1938 3558 2046 3606 nemo

13 3641 75 3713 ur?
103 3645 214 3716 etiam
236 3646 345 3741 idque
370 3646 419 3717 ob
438 3641 533 3717 hene
557 3669 723 3732 causam,
748 3659 790 3717 ut
807 3643 923 3736 magis
944 3644 995 3714 le·
1045 3657 1194 3727 prorsus
1209 3661 1245 3707 se
1266 3641 1454 3712 exercebit.
1504 3642 1610 3712 Nunc
1627 3651 1762 3722 autem,
1786 3637 1873 3730 quia
1888 3635 1949 3706 illa
1968 3638 2047 3709 laus

13 3767 77 3834 prm
92 3771 229 3841 poenas
247 3771 357 3844 quam
378 3745 498 3822 hostes
521 3761 743 3834 metuamus,
777 3759 813 3818 et
835 3746 992 3841 patriam
1046 3735 1220 3806 victoriae
1236 3763 1342 3827 rara,
1368 3757 1404 3814 et
1419 3743 1593 3827 difficilis,
1625 3757 1662 3813 et
1680 3739 1866 3836 praeclara
1890 3753 1963 3825 est,
1994 3740 2047 3810 la-

13 3849 131 3921 'orliler
144 3875 430 3946 propugnemus,
876 3935 878 3942 Α
1040 3839 1152 3910 bores
1181 3843 1358 3916 mulino}
1382 3859 1421 3918 el
1450 3847 1609 3940 perimle
1639 3842 1810 3917 nonnum
1836 3842 2048 3938 suscipiunt.

95 3948 223 4052 ltaque
248 3956 432 4048 legislator
455 3956 713 4026 detrectantem
734 3951 925 4036 militiam,
959 3963 995 4020 et
1044 3940 1102 4012 Ad
1116 3967 1199 4014 eum
1216 3949 1365 4020 modum
1380 3949 1579 4022 existimute
1599 3975 1665 4023 vos
1683 3971 1849 4044 praeesse
1872 3960 2046 4044 tauquem

13 4051 172 4144 luridum,
195 4071 231 4129 et
245 4060 465 4130 desertorem
484 4059 666 4143 ordinum,
691 4057 772 4126 loru
790 4068 826 4126 et
840 4053 993 4124 miniato
1045 4045 1302 4124 certaminibus
1319 4052 1476 4140 civium,
1509 4068 1546 4126 et
1571 4055 1725 4148 cogitate
1750 4051 1885 4122 multos
1902 4055 2049 4125 fitur'os
2162 4081 2167 4086 ·

13 4155 151 4232 'uuiculo
168 4162 344 4247 excludit,
369 4186 436 4232 nee
449 4159 627 4255 permittit
643 4184 704 4231 eos
717 4158 905 4243 coronari,
931 4182 994 4229 ne·
1046 4172 1140 4234 esse,
1167 4152 1232 4245 qui
1247 4155 1343 4228 viem
1357 4155 1426 4228 sibi
1442 4161 1488 4228 ad
1499 4154 1661 4229 bonores
1682 4155 1814 4226 virtute
1836 4155 1989 4240 lerunt,
2016 4155 2048 4228 si

13 4283 65 4351 que
80 4266 189 4338 sacris
203 4265 355 4359 publicis
369 4265 550 4338 interesse.
582 4265 641 4336 'l'u
657 4276 778 4336 autem
793 4261 895 4334 iubes
910 4285 992 4332 eum
1044 4251 1203 4330 viderint
1218 4261 1478 4333 eoromsraris
1500 4259 1676 4354 etdignis
1698 4257 1867 4330 conlecti.
1925 4258 1995 4330 Sed
2017 4259 2049 4331 si

13 4385 191 4456 broune,
217 4367 275 4440 cui
291 4393 463 4440 coronam
483 4370 576 4462 leges
599 4392 686 4440 non.
699 4367 932 4460 permittunt,
959 4377 995 4434 α
1045 4379 1111 4448 per
1129 4359 1364 4436 nimrim
1383 4364 1491 4436 ¹uulsis
1513 4363 1721 4460 extorqueri
1741 4372 1937 4455 poterut,
1968 4385 2048 4434 cor-

13 4485 59 4536 uo
74 4471 217 4544 decreto
231 4497 337 4546 vocas
352 4477 398 4544 ad
417 4472 522 4544 ludos
547 4495 649 4559 eum,
682 4495 789 4564 quem
814 4493 890 4539 non
911 4467 1013 4537 licet=
1044 4461 1220 4554 rumpetis
1232 4466 1344 4538 fflam
1356 4467 1455 4538 bona
1468 4468 1626 4561 ingenie.
1684 4465 1798 4560 Quod
1813 4477 1934 4536 autem
1951 4479 2048 4538 recte

13 4585 153 4658 spectare
180 4577 304 4659 ludos;
348 4590 385 4647 et
415 4577 455 4644 in
486 4575 659 4667 templum
681 4569 815 4644 Bacchi
844 4570 994 4642 accersis
1045 4586 1236 4654 moneam,
1262 4569 1449 4664 aliquanto
1465 4571 1596 4644 clarius
1612 4571 1814 4644 ostendam.

13 4691 97 4760 eum,
140 4680 204 4774 qui
235 4691 388 4774 propter
409 4679 637 4750 timiditatem
663 4677 796 4770 templa
820 4673 993 4768 prodidit.
1149 4668 1281 4743 Utrum
1291 4669 1570 4759 Themistocles,
1599 4675 1663 4770 qni
1677 4671 1921 4756 vicitPersas,
1942 4695 2048 4766 pree-

13 4769 128 4850 lerum
142 4805 189 4853 ne
206 4807 303 4856 vose
321 4783 509 4878 proposito
529 4781 671 4874 longius
694 4781 889 4864 abducam,
923 4773 994 4848 hoc
1044 4771 1199 4843 stantior
1212 4776 1300 4850 civis
1315 4778 1469 4863 videtur,
1498 4772 1830 4861 auDemosthenes,
1856 4774 1919 4870 qui
1934 4775 2046 4848 aciem
2129 4843 2131 4847 ,

13 4880 244 4958 memineritis:
288 4888 437 4984 quando
465 4887 526 4956 ille
547 4884 695 4954 iactabit
717 4907 754 4956 se
777 4883 993 4976 popularem
1046 4873 1227 4948 deseruit?
1286 4880 1417 4950 Utrum
1442 4881 1625 4982 Miltiades
1658 4880 1775 4974 magis
1803 4879 1953 4951 meritus
1984 4890 2053 4970 est,

13 4997 89 5068 esse,
116 4989 337 5062 considerate
352 4991 426 5062 eius
440 5014 516 5060 non
530 4989 660 5073 verba,
686 4987 748 5059 sed
762 5011 902 5071 mores,
927 5009 994 5056 nec
1046 4999 1127 5047 cum
1145 4979 1183 5049 in
1190 4980 1407 5054 Marathone
1426 4985 1604 5079 oppressit
1617 4985 1815 5069 barbaros,
1837 5005 1944 5078 quum
1957 4978 2049 5051 iste?

13 5087 135 5172 quatem
153 5119 189 5165 se
205 5093 389 5188 praedicet
412 5117 508 5178 esse,
540 5094 602 5163 sed
623 5090 740 5186 qualis
761 5089 807 5160 sit
831 5089 993 5160 animad-
1045 5079 1222 5156 Meliusne
1253 5087 1374 5157 meriti
1398 5103 1482 5160 sunt
1502 5088 1577 5174 illi,
1620 5088 1747 5184 quiin
1773 5087 1909 5179 oppido
1933 5078 2049 5174 Phyle

13 5189 132 5264 vertite.
186 5197 279 5290 Quia
298 5222 385 5268 vero
402 5198 442 5266 in
458 5195 679 5266 mentionem
705 5217 923 5264 coronarum
952 5217 993 5262 ac
1045 5198 1188 5260 nostros
1206 5189 1299 5262 cives
1317 5191 1423 5262 exilio
1443 5193 1566 5288 pulsos
1586 5188 1746 5285 hospitio
1772 5197 1986 5280 exceperunt
2007 5208 2049 5255 ac

13 5301 386 5418 Hirti-ueternum
406 5362 520 5416 cottstlo
536 5362 675 5416 ucttouum
692 5361 778 5416 Attto.
797 5362 941 5426 etitem,
965 5361 993 5413 tn
1046 5291 1306 5366 defenderunt?
1359 5293 1458 5390 Quid
1471 5296 1647 5368 Aristides
1663 5295 1795 5376 iustus’
1828 5317 1891 5385 qm
1915 5313 2062 5395 ⁰⁰gn⁰s

67 5425 792 5501 huiuscorp.retorn.v01.xvl.p.soo.sexsa
809 5431 960 5484 messano.
1046 5420 1131 5465 men
1147 5394 1294 5485 babuit,
1326 5399 1433 5493 longe
1458 5401 1555 5470 aliud
1578 5421 1689 5496 quam
1715 5394 1806 5470 iste?
1863 5393 1941 5488 Ego
1960 5419 2049 5466 vero
2122 5395 2127 5402 ’
