4548 5788
226 181 303 256 819
805 173 931 250 PlllL.
965 173 1078 248 MEL.
1113 173 1316 248 SCRIPTA
1356 168 1694 248 PHILOLOGlCA.
2158 169 2202 242 tu

215 355 297 426 stom
308 349 385 443 sore
399 361 550 441 sperant.
602 353 673 442 Ego
692 374 770 422 vero
788 375 850 422 aee
871 351 957 422 mttt
982 373 1043 421 neo
1064 349 1143 420 urii
1164 349 1226 420 lenc

225 455 310 528 utile
324 477 395 524 etse
409 457 583 526 existimo.
635 458 748 524 Neues
762 451 870 543 obitur
892 457 1046 535 remitto,
1071 462 1105 522 et
1124 456 1224 524 deie-
1248 477 1253 518 s
1275 461 1325 522 eet
1339 475 1497 522 usonem
1510 454 1542 521 ei
1557 453 1755 530 decerme,
1779 455 1813 516 et
1829 444 2101 516 renuntiationem

1274 357 1307 419 et
1323 359 1486 443 quantum
1500 349 1578 420 toni
1598 353 1724 436 potem
1757 345 1891 432 perun
1912 349 1946 410 et
1969 341 2111 420 meets,
2137 345 2208 409 obse

221 581 303 647 nepe
315 558 598 644 montepesato,
622 559 655 626 si
670 579 737 626 aon
752 559 939 626 concedetis
959 556 1080 626 uestris
1098 556 1223 646 gulu—
1274 557 1355 624 dnm
1369 577 1441 624 esee
1454 558 1495 623 ia
1508 554 1641 624 smero
1658 545 1735 644 11·).

221 660 421 741 aetnam,
447 669 485 728 ut
499 682 574 727 eam
587 660 724 729 turbent
734 662 881 748 priuatis
893 658 1055 729 consiliis.

1377 717 1473 792 Num
1490 733 1639 812 propter
1661 713 1730 787 hoc
1754 717 1935 785 decretum
1957 709 2073 779 civitas
2092 717 2160 776 tunc
2175 709 2212 776 de·

329 825 557 895 llicmenon
574 824 760 910 nominat,
787 849 940 922 cumque
960 839 1100 896 accuset
1120 825 1223 908 alios,
1275 821 1346 893 risa
1365 837 1437 908 est,
1470 836 1511 892 ut
1532 847 1627 892 nunc
1650 822 1810 890 futurum
1834 815 1940 900 dicit,
1974 813 2004 884 si
2024 811 2096 880 talis
2115 811 2163 878 frat
2179 833 2213 878 re
2249 911 2250 916 ἵ

224 953 271 1002 ne
287 927 424 999 mentio
440 927 586 1022 quidem
603 929 673 999 ulla
692 930 732 998 fit
746 928 1113 1001 mearumactionum.
1139 927 1223 1001 Non
1276 925 1484 998 nuntiatio?
1509 924 1620 1021 Atqui
1637 926 1681 993 de
1698 921 1866 992 omnibus
1886 917 2007 1000 factis,
2039 939 2111 983 cum
2130 935 2212 980 recen

226 1031 323 1102 enim
340 1031 457 1101 dicere
473 1033 516 1101 de
534 1055 592 1100 me
609 1043 753 1124 poterat
776 1031 853 1103 sine
878 1030 1223 1101 commemoratione
1277 1031 1326 1098 tia
1343 1042 1379 1098 et
1400 1040 1486 1099 nota
1509 1041 1611 1112 sunt,
1645 1029 1686 1096 fit
1706 1025 1878 1097 iudicium
1900 1018 2106 1100 rectissime,
2131 1009 2214 1082 etho

227 1157 373 1217 eorum,
408 1159 500 1228 quae
529 1147 653 1204 contra
678 1159 745 1204 nos
764 1135 849 1204 fecit
869 1134 1010 1206 iniuste.
1070 1131 1111 1204 ln
1133 1129 1224 1203 haec
1276 1145 1376 1203 nesta
1393 1132 1599 1202 iudicantur
1618 1131 1724 1222 digua
1742 1129 1877 1220 gratia,
1903 1147 2004 1195 secus
2019 1123 2102 1190 facta
2119 1117 2216 1208 poenis

226 1236 323 1306 enim
355 1259 453 1306 eram
486 1239 664 1320 intentus,
705 1250 739 1306 et
769 1234 825 1309 his
857 1237 1084 1309 adversabar.
1142 1236 1223 1306 Pri·
1275 1235 1380 1306 Tunc
1395 1235 1525 1327 igitur,
1549 1259 1628 1305 cum
1646 1233 1705 1302 illa
1725 1231 1800 1323 ipsa
1817 1239 2027 1322 agerentur,
2043 1241 2217 1293 omnescon·
2250 1259 2251 1306 3

226 1363 326 1410 mum
345 1338 507 1423 decrevi,
533 1352 574 1409 ut
589 1339 719 1432 legatio
737 1339 775 1408 in
790 1339 1081 1432 Peloponnesum
1104 1339 1223 1408 mitte·
1274 1339 1357 1408 fessi
1371 1350 1456 1410 sunt
1471 1362 1527 1406 me
1543 1338 1634 1406 bene
1651 1333 1838 1405 mereride
1857 1331 2021 1410 civitate,
2046 1351 2118 1396 cum
2137 1319 2218 1388 vince·

225 1453 345 1524 retur,
370 1444 517 1535 quando
541 1443 698 1534 primurn
722 1442 797 1535 ipse
822 1443 946 1513 furtim
972 1455 1162 1536 penetrare
1184 1441 1222 1510 in
1275 1465 1352 1510 rem
1368 1441 1407 1510 in
1431 1441 1583 1510 dicendo
1605 1437 1840 1519 sententiam,
1875 1445 1911 1504 et
1934 1431 2115 1504 scribendo
2136 1425 2218 1492 decre

226 1567 307 1612 eam
324 1557 474 1614 conatus
488 1556 558 1624 est;
585 1545 713 1615 deinde
730 1545 768 1614 in
783 1545 989 1630 Euboeam,
1024 1571 1105 1615 cnm
1127 1540 1222 1614 hanc
1274 1557 1350 1614 tum
1373 1545 1412 1613 in
1435 1543 1773 1623 deliberationibus,
1800 1551 1937 1608 etcum
1961 1529 2220 1620 decretaperfics

226 1645 361 1737 attigit;
396 1658 518 1738 postea
533 1648 796 1740 expeditionem
821 1650 867 1718 ad
883 1646 1041 1732 Oreum,
1074 1672 1150 1718 non
1173 1647 1223 1716 le·
1275 1672 1373 1732 rem,
1398 1659 1549 1740 propter
1563 1668 1654 1742 quae
1673 1643 1829 1727 civitati,
1852 1635 1944 1708 mihi
1968 1649 2004 1706 et
2026 1634 2120 1704 vobis
2141 1625 2219 1698 omni·
2251 1637 2252 1658 ¹

116 1749 123 1756 '
225 1747 425 1840 gationem;
452 1749 581 1820 deinde
606 1751 645 1824 in
658 1749 858 1835 Eretriam,
886 1776 966 1822 curn
988 1764 1163 1845 tyrannus
1183 1749 1222 1819 in
1273 1751 1340 1820 bus
1356 1772 1513 1820 coronae
1531 1749 1832 1830 decernebantur,
1858 1755 1893 1812 et
1910 1766 1990 1810 cum
2010 1745 2075 1807 uos
2095 1750 2219 1826 tanquan

223 1850 373 1923 urbibus
396 1852 592 1924 constituit.
651 1853 736 1924 Misi
760 1866 795 1925 et
817 1853 986 1937 classem,
1023 1876 1221 1949 perquam
1274 1865 1424 1946 propter
1453 1877 1510 1926 res
1538 1854 1629 1922 bene
1660 1861 1774 1944 gestas
1803 1842 1975 1918 sacrificia
2003 1854 2040 1910 et
2062 1835 2219 1908 collationes

225 1947 491 2026 Chersonesum
519 1955 763 2042 defendimus,
795 1955 1012 2050 Byzantium
1036 1968 1071 2025 et
1093 1955 1221 2028 socios.
1274 1956 1491 2028 indiceretis.
1551 1956 1748 2049 Postquam
1782 1951 1891 2042 igitur
1912 1943 2100 2038 Philippus
2126 1963 2160 2008 ex
2176 1935 2219 2052 Eu

166 2067 168 2074 ’
224 2054 382 2148 Propter
396 2076 488 2156 quae
506 2081 587 2128 mea
605 2060 746 2129 decreta
766 2082 831 2130 vos
847 2059 992 2155 quidem
1011 2058 1130 2128 ornati
1140 2057 1222 2130 estis
1273 2060 1364 2128 boca
1381 2059 1546 2152 expulsus
1562 2072 1635 2143 est,
1651 2055 1761 2126 armis
1774 2053 1920 2150 quidem
1935 2047 2083 2130 vestris,
2102 2045 2221 2114 seduco

222 2157 391 2229 laudibus
414 2173 450 2230 et
472 2161 627 2234 coronis.
685 2157 742 2231 Illi
769 2185 876 2250 yero,
906 2186 997 2258 quos
1028 2161 1223 2246 invaserat,
1276 2163 1449 2246 decretis,
1484 2161 1626 2234 etiamsi
1650 2167 1867 2252 rumpantur
1893 2151 2028 2250 aliqui,
2059 2147 2146 2218 aliud
2166 2163 2222 2234 pre

224 2259 334 2356 siqui
349 2261 450 2334 vobis
465 2275 684 2356 paruerunt,
710 2266 955 2346 servatisunt;
982 2265 1045 2337 sed
1068 2265 1132 2361 qui
1157 2289 1222 2336 vos
1273 2265 1515 2360 pugnaculum
1538 2277 1664 2335 contra
1691 2287 1758 2333 nos
1785 2280 1958 2356 quaerere
1991 2251 2116 2346 coepit.
2164 2245 2224 2314 Cum

224 2363 477 2456 neglexerunt,
510 2381 737 2460 agnoverunt
758 2391 795 2440 se
819 2391 894 2438 non
918 2369 1052 2440 frustra
1075 2393 1094 2438 a
1118 2367 1222 2438 vobis
1274 2369 1369 2438 enim
1404 2367 1511 2440 sciret
1539 2365 1633 2440 hanc
1662 2365 1842 2436 civitatem
1872 2359 1988 2452 magis
2018 2379 2122 2452 quam
2147 2347 2224 2420 ullam

224 2468 472 2559 praemonitos
488 2493 582 2554 csse,
598 2495 734 2566 vosque
748 2494 825 2542 non
842 2471 959 2542 solum
976 2467 1097 2542 fideles
1111 2482 1147 2541 et
1160 2471 1222 2540 be-

222 2569 375 2641 nevolos
387 2572 494 2663 ipsis,
519 2575 582 2644 sed
599 2573 707 2644 etiam
722 2575 901 2666 sapientes
918 2587 954 2645 et
975 2587 1099 2644 vatum
1123 2573 1221 2645 simi-

219 2670 275 2742 les
296 2672 417 2746 fuisse.
476 2672 686 2747 Evenerunt
708 2677 805 2746 enim
829 2677 971 2760 omnia,
1003 2701 1097 2772 quae
1118 2700 1222 2769 prae·

224 2773 391 2848 diximus.
449 2775 615 2850 Dedisset
649 2791 770 2850 autem
799 2774 1005 2852 Philistides
1030 2779 1220 2873 pecuniam

220 2877 427 2970 ingentem,
459 2894 502 2952 ut
522 2879 661 2954 Oreum
686 2894 808 2954 tenere
830 2883 1025 2976 potuisset,
1055 2882 1221 2956 similiter

217 2993 260 3053 et
277 2979 478 3057 Clitarchus
494 2997 531 3056 et
543 2981 753 3080 Philippus,
778 3000 820 3058 ut
839 2983 929 3056 boec
948 2986 1221 3079 propugnacula

220 3098 352 3156 contra
367 3111 432 3158 voe
447 3111 624 3182 occupare
638 3090 835 3183 potuisset,
848 3103 884 3161 et
897 3091 1042 3162 fraudes
1057 3090 1133 3162 eius
1150 3088 1221 3161 dis-

223 3184 414 3260 simulatae
445 3203 573 3262 essem.
639 3191 737 3261 llaec
768 3217 876 3264 nemo
906 3192 1071 3285 ignorat,
1114 3204 1150 3263 et
1181 3204 1222 3262 tu

225 3292 388 3360 omnium
405 3293 568 3363 minime.
618 3291 855 3366 Diverterunt
878 3295 974 3364 enim
999 3295 1097 3386 apud
1116 3307 1151 3364 te
1171 3295 1222 3364 le-

223 3391 320 3483 gati,
353 3406 389 3464 et
409 3405 450 3464 tu
470 3407 645 3490 tanqctam
668 3391 798 3490 hospes
821 3397 1063 3489 patrocinium
1094 3421 1221 3469 eorum

223 3517 449 3590 susceperas,
476 3523 568 3594 quos
583 3497 730 3594 quidem
746 3499 880 3572 amicos
896 3512 979 3572 tuos
995 3497 1120 3572 civitas
1142 3512 1222 3570 tan·

224 3623 334 3694 quam
351 3595 471 3673 hostes
485 3603 724 3696 reipublicae,
752 3615 788 3674 et
802 3602 934 3675 iniusta
959 3614 995 3673 et
1018 3601 1221 3695 perniciosa

220 3714 385 3800 petentes
400 3699 486 3776 hinc
502 3707 648 3800 expulit.
700 3706 797 3778 llaec
815 3732 895 3778 cum
918 3706 967 3776 ita
992 3705 1083 3789 sint,
1110 3701 1222 3776 homo

160 3893 163 3900 Ι
222 3806 419 3879 maledicus
436 3807 522 3880 dicit
534 3835 593 3880 me
610 3822 747 3896 tacere,
782 3835 864 3881 cum
878 3807 1017 3902 accepi;
1054 3807 1222 3892 clamare,

224 3933 306 3980 cum
323 3911 501 4004 insumpsi
515 3913 664 4008 aliquid.
716 3911 776 3984 'l'u
790 3926 915 3983 contra
934 3924 1109 4005 perpetua
1128 3935 1223 3980 mer-

224 4014 310 4084 cede
334 4015 532 4087 conductus
554 4041 697 4110 semper
719 4017 871 4098 clamas,
903 4040 971 4085 nec
993 4015 1132 4085 desines
1156 4038 1223 4086 un-

223 4141 355 4212 quam,
390 4121 505 4190 donec
527 4119 586 4190 isti
615 4132 649 4189 tc
672 4130 899 4212 compescant
922 4115 1031 4188 hodie
1053 4128 1219 4186 notatum

221 4217 434 4312 ignominia.
496 4221 588 4294 Cum
619 4235 739 4294 autem
768 4236 855 4293 ωηο
881 4245 1026 4317 quoque
1047 4213 1138 4289 mihi
1164 4243 1223 4288 co·

222 4347 314 4394 rona
347 4325 386 4395 in
418 4318 561 4396 theatro
582 4326 723 4396 decreta
749 4325 879 4409 fuerit,
912 4323 1039 4396 iisdem
1062 4321 1222 4416 syllabis,

225 4427 356 4524 quibus
371 4454 469 4500 nunc
485 4431 668 4500 decretum
690 4427 864 4524 scriptum
888 4440 962 4512 est,
993 4451 1060 4496 nec
1080 4437 1223 4495 contra-

225 4528 316 4600 dixit
329 4528 542 4618 Aeschines,
568 4557 639 4602 nec
653 4556 712 4602 me
730 4545 893 4602 autorem
911 4527 1101 4603 accusavit.

600 4790 845 4858 Decretum.

328 4974 493 5043 Proetum
515 4973 721 5044 ctaerontte
742 4974 798 5043 die
823 4967 885 5045 25.
906 4973 1072 5042 Ianuarii
1094 4974 1225 5042 censuit

223 5078 463 5158 Aristomene,
489 5098 566 5145 eum
582 5075 824 5146 Demosthenes
839 5085 874 5145 et
895 5076 985 5147 oliae
1006 5097 1104 5163 eoepe
1126 5075 1225 5143 leue-

1274 2472 1382 2541 aliam
1417 2473 1598 2542 frumento
1633 2470 1778 2540 aliunde
1811 2467 2010 2556 importato
2045 2458 2114 2540 uti,
2146 2467 2225 2520 trans·

1273 2574 1474 2645 vectionem
1490 2575 1589 2646 illam
1607 2572 1768 2666 redigere
1789 2569 1827 2640 in
1849 2591 1951 2638 suam
1973 2570 2171 2657 potestatem
2189 2575 2225 2669 co

1272 2691 1379 2749 natus
1404 2690 1487 2761 est„
1504 2702 1546 2750 ac
1566 2678 1747 2772 profectus
1768 2673 1807 2743 in
1831 2667 2051 2750 Thraciam,
2076 2663 2226 2768 Byzantios

1273 2781 1432 2876 primum
1454 2775 1620 2853 hortatus
1645 2792 1697 2850 est
1720 2780 1765 2849 ad
1786 2773 1994 2848 societatem
2019 2767 2102 2840 belli
2122 2755 2228 2856 gerenlt

1274 2887 1445 2956 adversus
1467 2909 1543 2958 vos.
1595 2881 1685 2955 Cum
1709 2893 1829 2953 autem
1856 2876 2016 2958 nollent,
2049 2883 2084 2942 et
2102 2889 2173 2936 vera
2192 2883 2228 2927 u·

1274 2987 1460 3060 cusatione
1491 3000 1699 3070 uterentur,
1737 2984 1914 3055 dicentes:
1954 2976 2154 3050 societatem
2169 2981 2227 3084 ἠοη

1275 3092 1322 3162 ad
1336 3087 1406 3162 hoc
1425 3092 1578 3177 factam,
1611 3101 1652 3161 ut
1675 3087 1754 3160 aliis
1778 3085 1912 3157 bellum
1932 3080 2125 3158 inferrent,
2152 3073 2228 3139 unul

1273 3196 1401 3266 urbem
1418 3193 1534 3280 vallo,
1567 3207 1603 3265 et
1627 3189 1789 3262 admovit
1813 3183 2012 3258 machinas.
2070 3177 2227 3292 llaec-cun

1273 3299 1420 3381 fierent,
1446 3299 1535 3389 quid
1547 3323 1615 3368 nos
1630 3298 1746 3366 facere
1765 3289 1943 3375 decuerit,
1969 3310 2048 3358 non
2067 3285 2135 3352 iam
2153 3287 2228 3386 mter·

1273 3401 1423 3493 rogabo.
1481 3401 1713 3471 Manifestum
1737 3408 1790 3468 est
1813 3393 1909 3464 euim
1940 3389 2118 3462 omnibus.
2169 3375 2229 3468 Qus

1274 3505 1384 3598 igitur
1399 3503 1585 3598 Byzantiis
1602 3527 1708 3597 opem
1723 3498 1826 3582 tulit,
1843 3509 1879 3566 et
1894 3521 1955 3566 eos
1971 3481 2147 3565 servavit?
2169 3479 2229 3571 Qut

1274 3603 1484 3703 prohibuit,
1524 3630 1570 3678 ne
1600 3619 1686 3676 tunc
1715 3602 1949 3694 Hellesponto
1981 3595 2153 3690 potiretur
2176 3580 2229 3652 Ma·

1276 3709 1390 3782 cedo?
1421 3706 1501 3780 Ida
1526 3709 1628 3782 vobis
1653 3720 1689 3778 et
1711 3708 1757 3776 ab
1777 3701 1846 3774 hac
1870 3701 2016 3773 civitate
2041 3700 2163 3768 factum
2183 3691 2229 3754 esu

1276 3839 1342 3907 ego
1360 3826 1479 3884 autem
1496 3813 1549 3884 fui
1565 3825 1671 3882 autor
1684 3811 1760 3881 eius
1775 3802 1973 3878 sententiae
1998 3815 2036 3872 et
2057 3791 2190 3872 decreti,
2208 3795 2229 3852 tl

1275 3942 1335 3990 eas
1351 3941 1408 3988 res
1422 3916 1532 4010 gessi,
1556 3939 1624 3985 nec
1639 3911 1797 4006 periccda
1815 3907 1947 4001 defugi.
1999 3905 2174 4000 Quantum
2190 3909 2230 3958 ³11·

1275 4033 1349 4091 tem
1366 4043 1406 4090 ea
1420 4045 1478 4092 res
1493 4017 1672 4112 profuerit
1694 4013 1879 4086 communi
1901 4008 2029 4093 saluti,
2060 4027 2131 4076 non
2148 4007 2229 4113 estet

1276 4123 1441 4195 oratione
1457 4122 1766 4215 cognoscendum,
1791 4119 1852 4188 sed
1868 4139 1908 4185 re
1931 4113 2008 4206 ipsa
2037 4108 2229 4215 competunt·

1274 4227 1369 4300 Nam
1399 4238 1653 4320 praeterquam
1687 4223 1785 4318 quod
1811 4217 1964 4313 gloriam
1988 4211 2124 4292 attulit,
2151 4215 2227 4272 etum

1275 4345 1361 4402 tunc
1391 4328 1476 4400 belli
1507 4341 1669 4420 tempore
1700 4345 1845 4395 annona
1868 4319 1936 4390 fuit
1956 4313 2133 4410 copiosior
2151 4319 2228 4420 quam

1274 4457 1372 4504 nunc
1388 4434 1426 4502 in
1440 4457 1545 4527 pace;
1565 4441 1675 4526 quam
1691 4427 1760 4522 ipsi
1773 4450 1836 4499 sua
1851 4449 1914 4517 spe
1930 4425 2099 4492 adversus
2112 4423 2228 4520 patuau

1275 4548 1440 4622 tuentur,
1467 4558 1560 4631 quae
1575 4532 1714 4604 utinam
1729 4553 1809 4602 earn
1827 4530 2038 4606 frustretur,
2062 4543 2106 4590 ne
2128 4520 2229 4584 contet

1276 4655 1364 4732 gant
1376 4639 1444 4724 eis,
1471 4661 1563 4734 quae
1586 4659 1651 4706 vos
1673 4633 1822 4722 meliora
1847 4641 2013 4724 optantes
2035 4651 2056 4694 a
2077 4619 2148 4692 Diis
2166 4603 2227 4704 peti

1277 4743 1343 4829 tis,
1369 4766 1487 4838 neque
1504 4742 1591 4812 deut
1606 4739 1727 4822 vobis,
1761 4758 1853 4832 quae
1876 4733 1945 4827 ipsi
1968 4735 2139 4823 expetunt
2181 4710 2227 4780 ll*

1278 4847 1346 4920 cita
1356 4849 1538 4917 decretum
1557 4845 1601 4913 de
1617 4840 1772 4912 coronis.

1281 5054 1479 5072 ...ιιι-

221 5177 344 5270 fitterlf
358 5181 507 5260 civilait',
534 5186 568 5247 ef
583 5201 674 5247 nune
687 5181 790 5247 eocft's
815 5201 908 5267 opem
930 5178 1050 5250 tuterit
1068 5179 1142 5247 tuit
1164 5177 1225 5244 tle·
1314 5195 1378 5254 no)
1396 5189 1448 5243 lits
1466 5185 1561 5238 verbts
1585 5181 1732 5250 noandum
1754 5179 1859 5228 textum
1883 5185 2011 5239 mecon
2033 5171 2097 5220 baec
2119 5158 2172 5214 suot
2188 5147 2223 5200 tl·

220 5286 351 5366 eretis,
374 5291 407 5353 et
424 5283 546 5370 oppida
568 5281 729 5373 quamne
748 5279 899 5350 Euboeae
919 5279 1071 5369 periculo
1095 5278 1225 5348 libero·

1348 5261 1454 5314 dende:
1472 5251 1728 5312 Boeotonotttee,
1752 5249 1836 5300 noete
1853 5243 2024 5310 creausus.
2058 5235 2171 5290 cerem
2183 5231 2223 5270 Ι*

1349 5335 1407 5384 tene
1423 5323 1617 5394 proelomuo
1635 5329 1726 5371 curae
1742 5318 1783 5369 stt
1799 5313 1981 5382 praesidenti
1997 5307 2086 5361 trttot
2101 5303 2126 5354 et
2141 5299 2222 5359 ⁸9⁰⁸*

224 5387 332 5466 verli,
358 5392 391 5453 el
412 5390 560 5471 masaa
582 5381 842 5478 benevolentiam
864 5391 1060 5472 perpetm
1081 5381 1224 5462 civitati,
1347 5401 1453 5454 efflas.
1489 5391 1670 5450 mattae·
1686 5387 1765 5440 Μ
1780 5385 1968 5438 nouom
1988 5372 2167 5436 paranetes·

2117 439 2209 530 sues
2248 435 2249 483 l
