4582 5798
24 245 118 322 roos
255 245 362 326 xnu
411 232 815 324 mrumnnrano
838 232 1228 332 ammonitius
1252 233 1549 323 rauerntnrs
1573 249 1724 326 nuno
1749 209 1826 329 ut

1962 257 2063 330 1110

24 421 153 495 lissetis.
188 417 236 492 Et
251 421 283 494 si
296 423 376 519 quis
390 446 485 509 non,
512 435 687 520 quantum
703 433 793 517 opus
809 435 880 507 est,
907 421 1013 492 intel·
1064 423 1236 495 miramus
1248 423 1345 507 irati,
1368 436 1476 522 atque
1492 427 1661 496 adversus
1678 421 1810 511 hostes,
1831 430 1894 522 qui
1910 429 2061 523 dignum

24 526 117 618 ligit,
136 525 189 594 illi
201 525 501 618 significabimus,
525 521 779 614 Athenienies,
812 527 876 622 qui
899 527 1012 618 impe·
1063 527 1234 596 ducerent
1249 527 1379 620 punire
1396 551 1479 612 eos,
1505 526 1569 622 qui
1582 529 1718 599 bellum
1738 527 1960 616 intulerunt,
1993 557 2061 626 pu-

24 631 112 700 rium
126 629 330 723 possident,
353 644 390 701 et
402 643 527 704 nostra
541 643 578 702 et
597 631 778 702 maiorum
801 642 1012 701 nostrorum
1063 641 1180 701 temus
1209 629 1441 702 iustissimum
1467 655 1541 702 esse
1563 632 1704 724 explere
1726 631 1859 703 iratum
1883 636 2061 724 animum,

24 733 212 818 memoria,
245 733 563 807 maximum‘inter
586 757 712 826 omnes
735 735 912 817 Graecos,
944 729 1012 804 hos
1064 735 1234 826 quodque
1254 733 1359 806 nobis
1381 733 1547 805 innatum
1570 747 1641 822 est,
1682 748 1811 830 atque,
1851 750 1893 808 ut
1916 739 2061 826 dicitur,

24 861 104 928 ergo
119 837 298 931 ingressos
313 838 352 907 in
367 838 545 930 Siciliam,
570 839 729 933 primum
745 851 787 910 ut
808 834 920 920 hanc,
950 839 1012 907 de·
1064 835 1308 936 dulcissimum
1334 850 1404 921 est,
1443 833 1564 911 hostes
1589 837 1731 931 punire.
1799 841 1907 934 Quod
1938 852 2061 915 autem
2169 903 2173 910 .

24 939 101 1011 inde
129 941 159 1013 si
188 963 245 1013 res
273 944 514 1030 successisset,
552 967 638 1014 mox
659 941 952 1040 Peloponnesum
978 951 1014 1010 et
1064 951 1148 1008 sunt
1161 939 1417 1025 inimicissimi,
1444 965 1570 1014 omnes
1582 942 1690 1016 scitis.
1742 939 1836 1013 Nam
1860 946 1906 1015 ad
1928 969 1997 1018 nos
2019 948 2061 1018 in
2178 954 2180 962 '

24 1043 204 1115 Graeciam
227 1067 373 1116 omnem
394 1047 598 1142 redigerent
619 1045 658 1116 in
680 1045 909 1129 servitutem,
948 1067 1013 1114 vos
1064 1041 1272 1114 servitutem
1297 1043 1511 1136 redigendos
1530 1043 1600 1116 hnc
1623 1047 1862 1132 traiecerunt,
1902 1050 2001 1146 quod
2029 1050 2060 1122 si

24 1147 170 1233 vicistis,
193 1162 361 1242 superata
387 1173 514 1222 eorum
537 1151 666 1235 classe,
697 1173 769 1245 qua
795 1151 1015 1220 domuerunt
1063 1147 1311 1237 processisset,
1343 1171 1383 1216 ea
1406 1147 1590 1232 fecissent,
1624 1173 1716 1244 qnae
1738 1149 1936 1222 maximum
1957 1154 2062 1224 dolo-

24 1251 153 1322 omnia.
211 1249 368 1324 Eosdem
393 1266 428 1324 et
447 1279 562 1339 nunc,
593 1267 635 1326 ut
658 1254 818 1338 videtur,
851 1249 1013 1321 vincetis.
1064 1271 1142 1316 rem
1159 1249 1246 1321 viris
1262 1251 1479 1321 attulissent:
1507 1252 1640 1323 liberos
1663 1265 1808 1323 nostros
1829 1265 1868 1324 et
1889 1258 2059 1349 coniuges

24 1353 152 1426 Omnes
167 1353 265 1424 enirn
288 1351 473 1444 homines,
505 1369 697 1453 postquam
717 1355 931 1426 mutilantur
952 1353 1014 1422 illa
1066 1349 1265 1423 affecissent
1289 1366 1446 1427 extrema
1477 1354 1721 1435 deformitate;
1763 1356 1844 1426 urbi
1871 1358 2061 1452 imposuis-

24 1481 77 1542 re,
116 1481 186 1553 qua
219 1457 390 1531 videntur
420 1461 650 1544 antecellere,
698 1458 845 1552 reliquis
876 1455 1014 1528 viribus
1064 1465 1143 1525 sent
1166 1455 1444 1547 appellationem
1469 1456 1725 1551 turpissimam.
1790 1458 1946 1554 Propter
1973 1458 2064 1534 haec

24 1571 143 1654 postea
177 1561 296 1636 minus
326 1565 529 1650 confidunt,
569 1577 633 1635 aut
661 1562 692 1632 si
724 1561 842 1655 primo
871 1571 1014 1654 praeter
1064 1581 1141 1627 non
1161 1559 1373 1651 frangamur
1396 1560 1568 1646 mollitie,
1608 1585 1674 1632 nee
1693 1562 1834 1632 lucrum
1856 1587 1932 1635 esse
1953 1566 2062 1645 duca·

24 1661 227 1756 opinionem
250 1665 469 1739 frustrentur
490 1693 553 1762 spe
582 1691 646 1739 sua
675 1668 720 1735 de
749 1664 810 1735 illa
838 1688 900 1748 re,
942 1685 1013 1757 qua
1064 1685 1167 1746 mus,
1197 1661 1228 1733 si
1251 1661 1328 1732 sine
1349 1663 1509 1755 periculo
1530 1677 1655 1735 nostro
1679 1666 1829 1749 abeant,
1869 1667 1967 1761 quod
1990 1668 2062 1752 fiet,
2105 1726 2106 1741 ,

24 1766 173 1837 maxime
200 1769 450 1856 confidebant,
497 1783 623 1866 postea
653 1767 897 1860 languidiores
923 1768 1015 1836 liunt
1066 1762 1207 1835 etiamsi
1230 1763 1392 1837 vicerint.
1454 1766 1493 1836 Si
1515 1792 1601 1838 vero
1624 1767 1662 1836 id
1689 1767 1911 1840 effecerimus
1933 1794 2063 1842 conve-

24 1893 127 1964 quam
143 1893 211 1962 pro
226 1871 375 1946 viribus.
425 1871 525 1945 Idem
541 1897 638 1944 nunc
657 1883 938 1944 consentaneum
963 1881 1016 1940 est
1065 1869 1227 1952 nienter,
1254 1871 1352 1963 quod
1369 1867 1554 1956 volumus,
1586 1868 1667 1943 illos
1691 1871 1898 1964 puniendo,
1932 1885 1968 1943 et
1989 1885 2063 1944 tra-
2104 1929 2107 1938 .

24 1971 178 2043 accidere
199 1969 490 2048 Atheniensibus.
557 1977 671 2049 Vobis
693 1998 801 2060 vero,
844 1974 1013 2070 quiante
1066 1972 1186 2041 dendo
1203 1971 1271 2040 toti
1286 1971 1440 2056 Siciliae,
1467 1997 1539 2067 qua
1555 1973 1628 2043 iarn
1642 1973 1714 2044 frui
1733 1973 1943 2069 poterimus,
1964 1975 2063 2071 prio·
2169 2001 2174 2015 ⁸

24 2077 73 2144 rei
88 2075 226 2148 navalis
244 2103 348 2151 usum
366 2082 445 2152 ausi
463 2079 580 2153 fuistis
602 2103 784 2175 pugnare,
811 2077 1016 2169 geminatur
1066 2097 1143 2144 rem
1169 2074 1372 2146 libertatem
1394 2076 1610 2148 firmiorem:
1646 2072 1837 2172 pulchrum
1858 2079 1965 2150 nobis
1986 2103 2063 2151 eer-

24 2202 116 2271 spes,
140 2190 333 2275 postquam
352 2195 387 2252 et
401 2183 503 2275 prior
516 2186 680 2276 potentia
697 2187 847 2255 adaucta
875 2191 947 2262 est,
980 2191 1015 2248 et
1066 2189 1188 2247 tamen
1208 2177 1329 2251 fuerit.
1392 2178 1440 2248 Et
1470 2181 1653 2252 rarissima
1684 2193 1768 2251 sunt
1795 2181 1881 2251 talia
1910 2181 2063 2274 proelia,

24 2283 162 2352 recessit
196 2283 321 2375 opinio
354 2286 505 2378 peritiae
532 2287 635 2373 inde,
673 2287 772 2381 quod
801 2281 1015 2356 fortissimos
1067 2305 1160 2376 quae
1176 2281 1369 2352 minimum
1385 2295 1560 2368 noceant,
1585 2283 1615 2355 si
1631 2297 1780 2355 eventus
1803 2309 1878 2355 non
1901 2287 1947 2355 sit
1967 2285 2064 2366 felix,
2140 2279 2146 2302 ⁸

24 2407 91 2457 esse
107 2397 293 2480 oporteat,
320 2389 383 2484 qui
398 2387 613 2464 fortissimos
631 2390 815 2472 vicerunt,
840 2399 882 2457 ut
902 2383 1016 2480 pluri·
1066 2397 1103 2455 et
1118 2407 1210 2480 quae
1225 2385 1380 2456 multum
1396 2385 1549 2456 afferant
1565 2387 1767 2472 commodi,
1800 2387 1831 2458 si
1845 2400 1993 2459 eventus
2008 2411 2065 2458 re·

24 2513 117 2560 num
132 2514 220 2560 vero
243 2513 324 2583 spes
341 2493 498 2564 maxima
522 2492 671 2587 praebet
694 2491 888 2562 maximam
905 2489 1016 2559 auda·
1067 2488 1255 2581 spondeat.
2009 2495 2013 2500 ’

24 2592 111 2662 :iam
137 2605 173 2663 et
196 2594 520 2687 promptitudinem
546 2599 593 2668 ad
614 2596 872 2667 invadendum.
932 2588 1016 2660 Irni-
1214 2605 1218 2614 '

24 2695 107 2766 :atio
129 2707 326 2790 apparatus
341 2698 503 2792 ipsorum
520 2723 589 2794 pro
604 2713 727 2772 nostra
746 2693 1017 2778 consuetudine,

24 2821 89 2869 ‚am
114 2799 220 2872 nobis
241 2813 294 2872 est
315 2802 448 2873 usitata
470 2818 505 2875 et
528 2802 736 2888 familiaris,
769 2814 806 2874 et
826 2799 872 2870 ad
892 2821 1016 2896 quem·

24 2926 157 2998 ”mque
171 2929 239 2975 ¹¹⁰⁸
256 2909 621 2980 ³⁶⁶⁰¹¹¹¹¹²⁰d³b¹¹¹¹¹¹⁸·
677 2907 786 3000 Apud
800 2901 921 3002 him
935 2925 1016 2972 cum
1069 2958 1180 3035 senti;
1222 2977 1265 3024 ex
1285 2953 1484 3025 maioribus
1504 2955 1600 3024 enim
1623 2956 1810 3047 periculis,
1844 2982 1954 3054 quam
1976 2956 2066 3033 haee

25 3030 149 3098 11118111
181 3006 376 3128 111111ῑῖ111ᾱο
403 3009 688 3129 ¹⁰di⁰¹¹³ri⁰¹u¹¹¹
721 3007 856 3129 “ibin
887 3002 1038 3124 “buiii
1069 3069 1153 3128 sunt
1199 3056 1312 3152 aliqui
1330 3070 1532 3129 evaserunt.
1581 3057 1655 3130 Nec
1675 3085 1944 3134 succenseamus
1961 3065 2067 3136 nobis

25 3122 344 3228 '‘afterusffltum
364 3114 549 3231 irdmem’
567 3128 605 3236 ‚et
618 3136 749 3233 niam
770 3113 895 3182 ΜΝ
910 3119 1018 3199 ⁸³3sp
1069 3111 1236 3252 ipsis’vel
1260 3173 1410 3254 Propter
1432 3161 1629 3246 iacturam,
1666 3187 1776 3258 quarn
1799 3165 1948 3238 fecimus
2009 3169 2068 3238 vel

25 3235 197 3282 ariorum
213 3227 458 3303 tenesmum,
489 3230 532 3288 ut
547 3241 598 3288 sse
611 3220 747 3302 dream,
778 3239 824 3286 ne
846 3221 1019 3306 poterunt
1285 3264 1294 3280 ·
1957 3220 1968 3250 ’

25 3314 167 3410 {uidem
200 3311 240 3384 hi
260 3316 387 3402 'locum
417 3316 569 3406 habere,
609 3321 705 3392 unde
737 3319 904 3390 emittant
935 3315 1018 3385 tela·
1069 3261 1220 3357 propter
1244 3263 1407 3336 miserias
1429 3277 1655 3359 praesentes,
1696 3291 1789 3362 quae
1815 3282 1899 3340 sunt
1923 3282 2068 3363 praeter

1146 2694 1311 2767 Oratio
1334 2695 1490 2768 Niciae
1524 2697 1578 2767 ad
1603 2693 1986 2798 Athenienses“).

1170 2846 1300 2923 Adhuc
1319 2850 1465 2946 quidem
1488 2852 1706 2944 sperandum
1730 2867 1783 2925 est
1806 2879 1936 2949 prore
1961 2881 2066 2950 prae-

25 3417 215 3511 Quomodo
232 3442 317 3511 ergo
335 3434 399 3492 aut
413 3447 489 3495 uon
503 3424 702 3496 turbabunt
719 3446 841 3507 naves,
866 3432 929 3491 aut
943 3441 1019 3487 non
1070 3367 1283 3459 ‘hgmtatem
1298 3380 1475 3440 mmm·
1524 3367 1603 3460 ΕΚΘ
1620 3389 1700 3439 ωω
1714 3371 2068 3444 1111110111111111110·

25 3532 114 3591 ‚nter
128 3544 203 3593 sese
220 3523 548 3612 tumultuabuntur,
570 3553 650 3600 tum
669 3551 744 3598 non
758 3536 931 3620 poterunt
944 3545 1019 3594 sese
1090 3573 1100 3590 .

26 3624 188 3716 expedire
221 3650 287 3697 suo
322 3641 444 3719 gestu,
483 3629 575 3700 sicut
606 3623 893 3702 consueverunt?
945 3623 1020 3696 Nec

26 3727 252 3799 multitudine
267 3731 416 3802 navium
434 3731 666 3804 iuvabuntur.
718 3729 757 3801 Si
772 3729 852 3824 quis
874 3749 961 3796 vero
985 3736 1021 3794 et

26 3829 90 3900 hoc
106 3831 255 3918 metuit,
281 3835 380 3928 quod
394 3860 462 3906 nos
479 3861 555 3906 non
577 3832 828 3904 dimicabimus
851 3829 933 3924 pari
953 3852 1020 3899 nu·

26 4038 136 4130 spatio
154 4038 296 4112 damnis
318 4065 361 4112 ex
380 4042 559 4114 destinato
582 4040 777 4113 inserendis
801 4038 921 4108 minus
942 4036 1021 4105 ido·

26 4165 127 4227 reas,
168 4143 386 4236 accipiendis
412 4144 692 4240 opportuniores
718 4164 810 4223 esse;
851 4138 1022 4210 facillime
1099 4193 1108 4210 .

26 4244 116 4316 enim
136 4269 157 4316 a
173 4257 299 4318 nostro
317 4261 496 4342 apparatu
510 4250 710 4322 laedentur.

120 4451 312 4523 Postremo
338 4452 460 4524 audite
484 4461 520 4523 et
541 4445 631 4538 hoc,
670 4448 771 4547 quod
796 4446 1022 4520 verissimum

27 4563 95 4639 est,
123 4567 160 4624 et
176 4555 274 4649 quod
290 4567 460 4650 putamus
477 4579 544 4627 nos
559 4566 658 4626 certo
676 4551 897 4646 cognovisse.
931 4550 1024 4623 Cum

27 4671 241 4750 superentur
254 4659 434 4730 malorum
449 4655 720 4752 magnitudine,
747 4667 782 4726 et
800 4655 875 4726 vim
895 4654 946 4726 eis
973 4653 1025 4724 af-

27 4765 116 4834 ?erat
130 4769 300 4857 praesens
315 4761 462 4857 inopia,
495 4762 542 4832 ad
564 4758 853 4855 desperationem
877 4755 1026 4829 adducti

27 4879 118 4939 sunt.
170 4865 257 4939 Non
271 4888 357 4958 ergo
371 4865 501 4938 fiducia
518 4863 651 4936 virium
672 4862 807 4956 magis,
839 4883 949 4958 quam
974 4871 1025 4931 te·

28 4969 192 5042 ueritate
206 4969 374 5041 fortunae
391 4969 623 5064 pugnabunt,
650 4977 826 5064 quantum
840 4975 1026 5061 poterunt,

28 5086 63 5146 rt
78 5073 138 5144 vel
154 5071 190 5145 vi
206 5087 480 5168 perrumpentes
495 5070 684 5165 aufugiant
702 5069 875 5156 navibus,
907 5067 967 5138 vel
986 5067 1027 5135 in
1118 5128 1127 5147 ,

28 5193 123 5248 terra
136 5171 325 5271 posthaec
338 5177 530 5251 discessum
542 5187 693 5270 parent,
726 5197 857 5267 nempe
872 5194 950 5243 non
960 5164 1027 5242 ha·

28 5280 139 5352 situri
155 5279 312 5353 deterius
326 5306 436 5377 quam
451 5305 549 5354 nunc
560 5274 709 5351 habent.
749 5277 930 5351 Adversus
945 5286 1026 5346 tan-

28 5401 100 5454 tam
118 5383 366 5459 confusionem
384 5400 419 5458 et
433 5387 641 5470 fortunam,
668 5405 812 5480 quaese
826 5381 904 5474 ipsa
919 5377 1027 5454 nobis

28 5487 156 5582 tradit',
179 5489 364 5577 virorum,
389 5489 453 5587 qui
470 5503 554 5564 sunt
569 5486 674 5562 nobis
690 5483 946 5571 inimicissimi,
971 5483 1026 5557 di-

1069 3471 1211 3543 bustior
1232 3471 1320 3556 sim,
1361 3471 1488 3542 videtis
1515 3471 1632 3555 enim,
1674 3496 1784 3566 quam
1805 3475 1899 3544 male
1921 3477 2068 3548 affectus

1071 3599 1139 3644 srm
1158 3595 1179 3640 a
1197 3575 1348 3656 morbo,
1377 3598 1444 3644 nec
1465 3573 1617 3644 inferior
1641 3572 1717 3643 ullo
1741 3574 1909 3647 felicitate
1930 3576 1969 3646 in
1993 3579 2068 3648 vita

1070 3674 1231 3768 privata,
1257 3674 1403 3747 fortuna
1421 3675 1461 3745 in
1475 3676 1581 3748 rebus
1598 3674 1723 3768 gestis,
1749 3689 1871 3748 tamen
1887 3678 1924 3750 in
1940 3681 2069 3752 eodem

1071 3776 1232 3871 perinde
1250 3801 1331 3848 cum
1346 3779 1478 3852 infimis
1493 3776 1647 3864 haereo,
1680 3803 1762 3851 cum
1787 3781 1932 3877 quidem
1955 3784 2070 3855 multa
2131 3841 2136 3862 ,

26 3957 139 4021 111110,
168 3935 199 4007 is
214 3935 370 4008 vicissim
383 3936 534 4031 cogitet,
563 3939 695 4010 multas
709 3959 820 4007 naves
836 3957 876 4003 m
891 3931 1020 4024 exiguo
1071 3880 1237 4000 ,ηψπ
1250 3881 1396 3952 smum
1413 3906 1498 3976 ‘¹⁸3³
1514 3883 1631 3970 D⁹⁰⁸²
1657 3884 1771 3954 multa
1795 3908 1878 3979 11811
1902 3882 2070 3959 1101111111

1072 3996 1184 4068 ruste,
1210 3997 1247 4055 et
1259 4009 1336 4056 non
1348 3985 1457 4080 digna
1471 3989 1577 4076 odio,
1604 4009 1671 4080 pro
1693 3985 1823 4083 quibus
1837 3989 1975 4062 meritis
1989 4013 2070 4094 spes

1072 4110 1154 4158 mea
1174 4087 1245 4158 fuit
1268 4091 1386 4160 audax
1408 4091 1540 4178 futuri,
1579 4092 1642 4162 sed
1664 4115 1723 4160 rne
1745 4090 1966 4164 calamitates
1988 4117 2070 4187 gra-

1073 4215 1193 4264 viores
1214 4217 1326 4288 qnam
1346 4218 1414 4287 pro
1438 4196 1576 4268 meritis
1606 4206 1825 4269 terruerrmt.
1892 4195 2071 4268 Poterunt

1073 4312 1196 4369 tamen
1218 4306 1254 4367 et
1278 4295 1367 4370 haec
1390 4297 1552 4370 celeriter
1574 4297 1793 4369 laxationem
1818 4296 1977 4394 aliquam
2006 4295 2072 4372 ha·

1073 4404 1178 4483 bere;
1203 4424 1289 4472 nam
1305 4414 1342 4472 et
1355 4397 1520 4478 hostibus
1536 4397 1622 4476 satis
1639 4396 1823 4496 hucusque
1845 4403 1991 4476 fortuna
2015 4403 2072 4472 in-

1074 4503 1203 4589 dulsit,
1229 4517 1265 4575 et
1280 4505 1311 4576 si
1327 4505 1385 4576 cui
1400 4503 1563 4579 Deorum
1580 4502 1689 4577 invisi
1711 4499 1782 4576 hoc
1800 4504 1935 4577 bellum
1955 4505 2073 4576 movi-

1075 4633 1177 4692 mus,
1203 4609 1289 4682 satis
1304 4611 1425 4702 puniti
1444 4633 1579 4684 sumus.
1636 4605 1842 4680 intulerunt
1859 4621 1897 4678 et
1915 4608 1979 4681 alii
1997 4609 2073 4680 bel-

1075 4713 1152 4783 lum
1167 4709 1265 4799 eliis,
1292 4737 1444 4810 eumque
1458 4715 1611 4806 egissent
1625 4737 1727 4785 more
1742 4705 1953 4800 bominum,
1977 4711 2074 4805 passi

1076 4828 1162 4888 sunt
1182 4825 1304 4888 tamen
1326 4815 1541 4891 tolerabilia.
1601 4814 1780 4888 Convenit
1800 4839 1886 4908 ergo
1906 4827 1942 4886 et
1959 4838 2028 4887 nos
2050 4839 2073 4886 a

1075 4921 1156 4994 Diis
1171 4941 1315 5011 sperare
1330 4919 1497 5003 mitiora;
1517 4920 1699 5014 digniores
1713 4919 1810 4993 enim
1826 4916 2072 4992 misericordia

1077 5046 1201 5098 sumus
1215 5049 1324 5120 quam
1340 5024 1491 5098 invidia.
1550 5023 1642 5096 Cum
1657 5049 1744 5097 vero
1758 5049 1824 5097 vos
1840 5023 1937 5117 ipsos
1955 5019 2072 5093 intue-

1077 5128 1189 5214 mini,
1215 5128 1339 5224 quales
1352 5128 1484 5202 milites
1500 5141 1535 5211 et
1547 5152 1657 5225 quarn
1672 5127 1777 5201 multi
1798 5126 1874 5198 acie
1897 5124 2072 5198 instructa

1077 5231 1320 5328 processeritis
1335 5232 1506 5305 adversus
1527 5226 1667 5319 hostes,
1699 5255 1776 5304 non
1799 5229 1953 5304 nimium
1976 5229 2074 5304 iren·

1082 5411 1289 5428 ι--υ-ι-ι-

1112 5510 1163 5572 Β)
1181 5506 1302 5575 dtusyd
1314 5505 1377 5572 Vll,
1393 5503 1437 5560 n.
1593 5559 1610 5568 ,

1577 5567 1657 5644 70·
