4648 5794
750 213 755 226 ,
789 57 795 74 ’
852 123 977 202 run.
1011 125 1126 201 nur.
1152 105 1361 202 scurra
1393 121 1732 202 rfflnonount.

270 311 341 380 cise
356 307 585 399 exponuntur
607 301 653 374 de
678 297 941 394 proscriptione
954 297 1103 394 Lepidiz
1135 300 1265 373 deinde
1569 294 2058 398 Aiifldssfldnmenium·

188 491 193 500 x
274 413 317 484 de
340 411 437 493 lama
461 403 623 500 oppressi
637 403 864 482 Dolabellae;
905 402 1011 472 tertio
1035 405 1089 474 de'
1102 405 1266 496 parando
1416 428 1579 504 primum
1596 430 1819 514 „mansoria
1833 448 1907 524 est,
1928 437 1967 508 in
1981 463 2052 536 qna
2065 459 2178 516 monet
2189 447 2260 522 Cice-

173 515 178 532 '
273 514 393 586 reditu
409 511 448 580 in
463 507 700 626 ltaliamcum
724 503 899 588 exercitu,
933 529 1040 600 quem
1058 504 1184 624 Cieero
1208 529 1267 578 or·
1315 555 1443 604 ,onem
1458 537 1503 604 dg
1520 535 1742 627 profggfiong
1760 537 1798 608 in
1808 536 1972 632 syriam,
1996 555 2032 614 εἰ
2045 547 2088 615 d,
2100 547 2260 638 1035„an

272 629 442 686 naturum
472 635 510 682 se
541 612 646 690 dreit,
697 619 880 700 postremo
898 607 958 725 ‘de
989 609 1179 700 pertidrosa
1206 611 1268 680 de·
1316 635 1449 707 ibidem
1464 637 1630 730 θεωρῶ,
1679 638 1820 710 Deinde
1834 654 1889 714 „g
1903 637 2155 734 alborg-,goffia
2175 656 2262 725 nug

273 711 591 806 lectione'Lepidi.
617 733 725 804 ‘lum
741 705 910 780 anllihffl
924 709 1127 802 amPilffl'ist·
1315 749 1431 812 sentes
1447 737 1683 834 imperatores
1697 765 1770 812 una
1786 766 1868 814 cum
1880 747 2063 840 republica
2077 750 2230 828 ddcndat.

518 892 656 966 Aliud
689 905 1018 984 argumentum.

396 1004 403 1017 ·
1560 906 1698 982 Aliud
1721 927 2054 1005 argumentum.

376 1029 537 1124 Epistola
560 1040 614 1100 est
635 1026 858 1098 nuntiatoria
884 1040 919 1097 et
948 1021 1194 1098 adhortatorie
1203 1025 1266 1122 ¹⁶),

832 1129 841 1146 ⁹
1415 1042 1507 1115 Vide
1529 1045 1566 1118 8.
1583 1043 1826 1143 Appiaria),
1851 1052 2037 1145 quomodo
2052 1048 2155 1128 lulius
2168 1056 2263 1132 Caesn

273 1145 441 1204 constans
471 1131 610 1202 duabus
640 1129 929 1214 narrationibus,
971 1154 1124 1224 quarum
1152 1130 1263 1200 altera
1314 1143 1492 1236 legionem
1509 1146 1549 1216 in
1564 1147 1669 1242 syria
1684 1151 1889 1245 reliquerit,
1915 1176 2067 1250 eamque
2079 1165 2264 1232 commenda.

272 1235 392 1307 brevis
407 1245 459 1304 est
473 1235 518 1303 de
532 1230 691 1325 Lepido,
715 1236 848 1326 quoda
871 1244 997 1302 senatu
1022 1232 1070 1302 sit
1091 1231 1265 1304 iudicatus
1315 1246 1364 1317 rie
1391 1246 1545 1319 Caecilio
1571 1249 1699 1325 Basso,
1766 1251 1834 1324 Hic
1865 1265 1986 1326 autem
2012 1255 2152 1349 Crispa.
2171 1259 2263 1356 Bithy.

272 1337 436 1432 publicns
450 1331 576 1406 hostis.
633 1331 755 1409 Altera
771 1345 824 1404 cst
839 1333 1001 1424 longior,
1035 1357 1129 1429 quae
1152 1334 1264 1405 multa
1315 1347 1397 1420 niae
1411 1349 1459 1446 fl)
1488 1353 1687 1443 praefectus
1717 1352 1805 1440 suit,
1853 1354 1918 1450 qui
1944 1379 2027 1429 cum
2059 1357 2141 1433 aL,
2160 1361 2263 1448 Mum,

272 1440 379 1512 simul
395 1434 660 1530 complectitur,
693 1447 733 1506 ut
754 1437 798 1504 de
813 1433 1019 1522 Dolabella,
1046 1437 1089 1506 de
1104 1449 1266 1528 expecta·
1317 1475 1424 1545 quem
1439 1450 1571 1524 Bassus
1586 1457 1840 1549 oppugnabat,
1870 1469 2019 1532 vocatus
2033 1473 2122 1533 esset
2131 1465 2172 1532 ad
2182 1465 2263 1536 teres

272 1543 373 1612 tione
391 1538 522 1622 Cassii,
555 1539 599 1607 de
616 1561 682 1608 sno
698 1538 816 1608 studio
834 1561 917 1629 erga
942 1538 1037 1610 illius
1059 1539 1266 1623 exercitum,
1317 1553 1402 1623 dam
1417 1577 1544 1647 opem,
1570 1569 1607 1626 et
1622 1553 1719 1653 hin)
1734 1557 1934 1634 coniunctis
1947 1561 2061 1654 copiis
2080 1561 2264 1636 Basrnmob

274 1647 319 1714 de
336 1666 477 1714 summo
498 1639 602 1723 odio,
635 1639 673 1708 iu
690 1663 762 1734 quo
781 1651 833 1710 est
846 1637 1023 1732 Lepidus,
1057 1653 1093 1710 et
1115 1642 1159 1710 de
1183 1665 1267 1712 con·
1317 1655 1492 1741 siderent,
1518 1656 1659 1731 cantu,
1676 1659 1919 1736 integ-venien,
1937 1687 2064 1738 omna
2078 1667 2262 1760 mlegiong

273 1745 410 1818 sulihus
425 1741 630 1835 designatis.
681 1739 960 1813 Narrationibus
974 1743 1162 1815 subiicitur
1183 1767 1267 1814 con-

275 1849 406 1932 clusio,
440 1869 533 1941 quae
555 1854 695 1914 constat
714 1840 987 1930 adhortatione,
1021 1857 1062 1916 ut
1080 1868 1265 1941 nunquam

274 1949 490 2020 intermittat
505 1946 694 2017 defendere
709 1945 981 2038 rempublicam.

527 2132 668 2205 Aliud
694 2147 1020 2226 argumentum.

378 2269 549 2344 Narratio
568 2283 620 2342 est
636 2272 680 2341 de
695 2267 833 2362 Lepido
851 2284 886 2341 et
900 2272 944 2340 de
954 2267 1155 2356 Dolabella,
1181 2268 1267 2340 item

276 2379 321 2446 de
337 2373 466 2445 litteris
481 2372 605 2445 Cassii.
664 2371 834 2466 Sequitur
857 2373 1067 2466 pollicitatio
1089 2371 1269 2465 praemio-

276 2502 380 2560 rum,
427 2499 519 2571 qnae
551 2486 790 2570 consequetur
823 2474 996 2547 exercitus
1024 2474 1136 2546 Cassii
1165 2487 1268 2567 parta

281 2577 444 2651 victoria.
495 2576 633 2647 Deinde
657 2577 840 2647 adduntur
864 2579 911 2647 ad
932 2578 1038 2646 linem
1060 2600 1173 2672 usqne
1199 2577 1269 2647 alia

277 2691 488 2774 argumenta
515 2675 797 2763 adhortationis,
829 2690 871 2750 ut
890 2678 1079 2771 diligenter
1102 2680 1270 2751 defendat

280 2782 421 2856 Cassius
435 2780 708 2875 rempublicam.

495 2944 634 3018 Aliud
663 2946 1054 3046 argumentum⁸⁷).

380 3080 552 3154 Continet
574 3081 801 3154 narrationes
823 3082 962 3177 aliquot
990 3080 1079 3153 haee
1109 3081 1272 3176 epistola,

278 3181 416 3276 primo,
450 3183 538 3277 quid
553 3181 692 3252 Romae
715 3184 762 3254 sit
779 3196 918 3268 actum,
944 3197 979 3256 et
1001 3188 1184 3281 quomodo
1204 3184 1272 3256 Le-

278 3285 384 3377 pidus
405 3280 519 3354 hostis
538 3282 584 3353 sit
608 3283 801 3362 iudicatus;
834 3286 963 3356 deinde
985 3288 1028 3356 de
1050 3287 1157 3358 rebus
1169 3287 1273 3358 Asia·

278 3386 358 3458 ticis
387 3398 423 3456 et
452 3385 496 3455 de
520 3381 727 3464 Dolabella;
778 3398 961 3477 postremo
986 3389 1029 3458 de
1052 3386 1213 3459 Antonio
1237 3399 1273 3458 et

276 3489 393 3573 bello,
419 3487 518 3584 quod
538 3509 620 3558 cum
639 3509 682 3556 eo
699 3487 900 3578 gerebatur.

445 3703 672 3778 Scholion
696 3705 744 3776 in
771 3707 1017 3803 epistolam
1042 3709 1102 3784 XI.

380 3855 412 3950 ἓ.
429 3861 464 3932 1.
489 3863 533 3932 Si
548 3861 658 3942 ecke,
684 3859 766 3928 tere
780 3855 915 3958 est“)]
940 3860 1112 3936 Narratio
1122 3863 1184 3961 ⁸⁹).

583 4020 980 4124 Argumentumf').
1005 3978 1009 3992 i

384 4157 602 4230 Narratione
624 4159 773 4250 exponit
795 4157 955 4246 Cassius,
996 4161 1084 4256 quid
1106 4163 1145 4234 in
1168 4165 1270 4260 Syria

282 4263 449 4355 gesserit,
476 4273 511 4330 et
525 4285 614 4354 quas
630 4261 751 4353 copias
765 4256 908 4334 habeat.
950 4260 993 4331 lu
1007 4265 1076 4333 fine
1090 4290 1156 4357 per
1170 4293 1274 4361 prae.

282 4365 488 4436 teritionem
503 4357 671 4433 hortatur
686 4362 917 4449 Ciceronem,
943 4377 984 4435 ut
998 4389 1035 4436 se
1050 4368 1229 4444 defendat.

288 4535 493 4553 μ

316 4623 590 4750 isigfflffim]
608 4624 650 4677 sto
666 4623 754 4678 ndu.
766 4627 854 4696 ress,
874 4627 970 4698 littus
986 4629 1072 4682 nuta
1091 4632 1178 4702 tter,
1197 4637 1274 4694 15⁹⁰.

317 4799 367 4860 et)
385 4799 445 4850 ltoo
460 4797 652 4862 manentum
668 4797 770 4848 babent
785 4795 870 4850 rust
886 4796 1078 4856 stan-roso.

314 4903 365 4964 48)
382 4901 439 4954 l’ro
457 4897 500 4950 ltu
515 4901 571 4962 clu
589 4899 685 4952 verbis
703 4899 925 4963 nuntttttsn,
944 4902 1022 4956 tw).
1041 4905 1104 4958 bule
1120 4912 1205 4962 notre
1222 4911 1276 4964 td·

211 4987 214 4996 ·
351 4971 456 5034 noetpttt
472 4973 538 5022 cunt
555 4968 716 5034 sequentior
741 4967 779 5019 la
797 4969 921 5032 metam.

316 5071 366 5138 49)
384 5073 462 5192 {intpp
480 5071 548 5122 notu
564 5069 593 5122 lu
610 5068 679 5122 sollu
696 5067 781 5121 unet.
798 5069 893 5136 tm,
913 5069 1005 5140 tm,
1024 5073 1116 5142 tm,
1134 5079 1210 5133 tm.
1227 5091 1277 5134 re·

351 5153 386 5206 ps
463 5176 471 5191 .

292 5217 294 5220 ⁵
315 5239 653 5364 sot-tpqp‘prffippppu
674 5241 703 5291 et
719 5236 774 5292 dno
791 5240 937 5304 sementis
953 5239 981 5294 tn
998 5243 1083 5302 ruet
1097 5247 1189 5316 tm,
1209 5251 1278 5306 tato

1319 1759 1365 1828 ad
1381 1781 1419 1830 se
1434 1759 1628 1834 transtulit.

1493 1957 1683 2034 Seholia
1708 1961 1758 2034 iu
1783 1965 2035 2060 epistolam
2060 1967 2131 2044 llll.

1423 2109 1455 2206 §.
1473 2115 1508 2190 1.
1533 2121 1578 2192 Si
1590 2115 1761 2218 ooks⁸⁸)]
1787 2115 1987 2192 Exordium
2002 2146 2045 2194 ex
2060 2122 2150 2198 illius
2163 2148 2261 2196 amore.

1301 2217 1306 2244 ⁸
1319 2221 1457 2314 ltaque,
1481 2224 1569 2313 quod
1581 2231 1613 2292 te
1629 2217 1798 2318 primum]
1824 2221 2010 2300 Narratio.

1424 2313 1456 2410 S·
1471 2323 1508 2395 2.
1533 2327 1568 2394 A
1583 2333 1616 2394 te
1627 2317 1723 2422 peto]
1748 2320 1893 2398 Petitio.

1614 2486 2015 2592 Argumentumffl).

1422 2620 1664 2716 Responsoria
1684 2639 1737 2696 est
1760 2627 1911 2720 epistola
1933 2633 1982 2702 ad
2004 2653 2102 2716 eam,
2126 2653 2214 2726 quan
2227 2627 2264 2697 u·-
2286 2633 2287 2684 ι

1322 2745 1404 2792 cero
1422 2748 1530 2815 supra
1548 2727 1595 2796 ad
1614 2725 1775 2798 Cassium
1792 2731 1916 2801 desua
1939 2733 2162 2804 contentione
2180 2731 2210 2800 in
2226 2732 2265 2798 de

1322 2825 1499 2896 fendenda
1521 2827 1596 2898 eius
1617 2829 1791 2921 dignitate
1820 2832 1930 2904 dedit.
1999 2835 2159 2905 Continet
2181 2845 2263 2902 auten
2286 2849 2287 2859 ¹

1323 2927 1623 3000 collaudationem
1638 2933 1906 3004 benevolentiae
1929 2957 1972 3004 ae
1993 2937 2101 3008 studii
2115 2931 2262 3010 Ciceronis,

1324 3041 1359 3098 et
1373 3024 1636 3118 hortationem,
1659 3047 1701 3104 ut
1713 3059 1825 3127 porro
1839 3058 1915 3105 nou
1929 3037 2070 3108 desinat
2083 3062 2174 3110 suam
2184 3032 2264 3126 digni·

1323 3143 1432 3201 tatern
1449 3136 1546 3224 apud
1560 3148 1722 3205 senatum
1739 3137 1843 3208 tueri.
1876 3133 1918 3206 lu
1932 3133 2002 3209 hac
2015 3153 2114 3233 parte
2129 3153 2161 3209 et
2174 3135 2264 3206 milites

1324 3255 1405 3303 cum
1438 3234 1516 3305 aliis
1546 3236 1759 3330 quibusdam
1788 3239 2068 3331 imperatoribus
2094 3238 2265 3311 ordinandos

1324 3337 1555 3406 commendat
1577 3338 1621 3407 ab
1640 3361 1766 3409 eornm
1790 3341 1860 3410 lide
1877 3353 1913 3411 et
1928 3340 2141 3436 integritate.
2188 3339 2265 3410 lixor-

1324 3436 1423 3506 dium
1449 3448 1501 3508 est
1520 3433 1677 3533 ἠθικὸν,
1713 3465 1756 3510 ex
1779 3465 1853 3537 quo
1878 3444 1979 3515 ducit
2003 3443 2286 3516 collaudationem.

1324 3561 1366 3607 ac
1379 3537 1507 3610 deinde
1523 3539 1665 3612 subiicit
1683 3537 1987 3620 adhortationem.
2040 3543 2209 3619 Conclusio
2225 3535 2265 3608 ha·
2285 3623 2286 3626 Ἴ

1323 3640 1384 3710 bet
1409 3640 1660 3734 repetitionem
1690 3638 1926 3732 hortationis,
1965 3661 2002 3718 et
2034 3637 2286 3720 commendatio-¹

1323 3765 1406 3812 nem
1429 3744 1597 3817 militum.

1443 3949 1448 3958 .
1568 3893 1709 3970 Aliud
1734 3916 2064 3994 argumentum.

1425 4031 1634 4126 Respondet
1649 4035 1777 4108 litteris
1792 4035 1976 4110 Ciceronis
1991 4041 2037 4110 de
2050 4036 2162 4110 studio
2182 4047 2210 4103 et
2222 4025 2266 4100 sol

1324 4131 1508 4204 licitudine
1524 4159 1591 4226 pro
1600 4134 1735 4208 Cassio.
1762 4136 1976 4210 nxorffium
1990 4141 2140 4212 sumitur
2153 4161 2190 4206 ex
2202 4153 2267 4242 ⁶⁰¹i'

1324 4237 1539 4326 probatione
1554 4237 1754 4308 litterarum
1779 4252 1816 4310 et
1838 4240 1934 4312 illius
1956 4267 2091 4316 amore.
2139 4239 2265 4312 narrato

1326 4348 1378 4408 est
1391 4339 1436 4408 de
1456 4338 1597 4429 scriptis
1617 4351 1654 4409 et
1671 4339 1788 4411 missis
1808 4342 1954 4428 litteris,
1986 4345 2071 4416 item
2091 4346 2133 4412 de
2153 4331 2267 4410 exercitt

1325 4463 1402 4511 suo.
1467 4439 1722 4511 Narrationem
1748 4444 1909 4538 seqnitur
1928 4445 2075 4538 petitio,
2109 4456 2148 4516 ut
2166 4453 2285 4512 summ

1326 4540 1509 4633 diligentia
1526 4543 1738 4635 dignitatem
1755 4545 1983 4637 imperatoris
2004 4547 2180 4626 defendat,
2200 4537 2266 4608 labo

1359 4779 1409 4836 sn
1427 4775 1542 4840 amun.
1559 4774 1629 4826 nott
1646 4773 1708 4828 etv.
1726 4775 1773 4842 ru,
1794 4777 1838 4830 π.

1358 4861 1585 4982 temporeo]
1603 4861 1739 4912 ΝΜ
1751 4862 1915 4932 Brumae,
1935 4865 2112 4932 ιιιιιιιιι,
2129 4859 2203 4918 rut..
2219 4841 2266 4902 set

1361 5017 1413 5076 bd)
1433 5015 1474 5075 bt]
1492 5015 1559 5065 tllae
1580 5014 1701 5065 suntet.
1717 5013 1767 5069 lli.

1360 5103 1410 5162 so
1427 5101 1483 5153 ero
1505 5101 1549 5150 ιιι
1567 5097 1625 5152 oto.
1646 5101 1742 5151 vern·
1772 5101 1802 5153 ιι
1819 5103 1905 5155 retu
1927 5104 2023 5168 ress,
2049 5103 2122 5155 raso.
2142 5095 2194 5150 adr
2213 5087 2267 5138 nt·

1395 5169 1519 5233 praefixe
1535 5171 1600 5220 sunt
1616 5170 1775 5232 sequentias
1798 5171 1871 5240 kept
1887 5176 1956 5227 tnnc
1972 5174 2099 5226 tttterce.

1364 5255 1414 5315 tt)
1432 5251 1491 5304 ltoc
1506 5257 1697 5319 argumentum
1715 5259 1745 5307 st
1760 5255 1814 5314 tuo
1831 5257 1975 5323 sequentia
1990 5258 2025 5311 ab
2041 5255 2122 5310 stttt
2135 5245 2210 5308 llll,
2224 5226 2267 5286 ¹⁸⁶⁸

1401 5323 1518 5376 -ttttu
1538 5323 1707 5376 ambonem
