4584 5796
52 185 115 281 2„
191 165 308 246 xxm
359 115 759 258 anonumum
776 141 988 244 sennan
1010 129 1483 246 murmuramus.
1510 129 1679 206 nau.
1706 133 1881 218 suaa,
1976 151 2053 230 ut

50 353 184 452 periret:
211 343 333 436 itaqoe
361 331 505 428 cumn)
532 329 580 402 ab
608 347 724 411 uxore
750 342 814 394 sua
840 313 1009 411 proditus

48 454 152 550 estu),
175 445 266 518 etad
278 437 424 530 Thenas
439 433 650 532 perductus,
682 422 734 496 ibi
753 422 793 494 in
813 417 915 498 hiatu
938 429 1008 504 ten

46 585 93 630 rae
107 547 268 648 periitt').

127 653 155 747 §.
177 653 211 724 8.
248 651 423 720 Naeuam
449 628 580 732 odem]
615 627 757 702 Minor:
802 647 846 694 er
878 615 1007 716 quibus

43 759 131 852 signis
144 751 294 831 divinet,-
318 741 420 816 hrevi
435 735 694 810 restituendum
715 752 790 802 esse
803 721 1007 795 Caecinam.

41 849 237 951 adame]
261 849 424 920 Primum
447 837 581 932 colligit
603 836 704 928 signa
726 815 928 924 aCaesaris¹
943 846 1006 892 na-

41 960 166 1038 tutan.

123 960 154 1153 ᾗ)
167 1057 202 1129 9.
235 1049 395 1146 Metu)
416 1049 477 1118 doc
497 1027 677 1135 temporie]
707 1023 848 1103 Deinde
872 1026 1006 1119 colligit

41 1169 119 1260 signa
135 1171 296 1232 anatum
313 1166 530 1244 temporum.
838 1135 842 1142 '

122 1261 152 1355 ἓ.
168 1265 228 1334 ta.
253 1258 367 1331 natea
380 1238 581 1341 capariam]
603 1237 683 1309 Alia
698 1231 895 1320 consolatio
910 1253 1006 1302 surn-

40 1384 86 1464 pta
101 1392 138 1437 ex
150 1363 236 1434 locis
251 1353 500 1430 communibus
517 1348 562 1416 ab
577 1339 748 1422 honesto,
783 1336 880 1431 quod
903 1333 1005 1402 lorti-

41 1489 81 1542 ter
97 1467 235 1540 serenda
258 1461 305 1532 sit
326 1455 458 1531 iniuria
480 1453 665 1528 fortunae,
694 1441 770 1514 sine
793 1439 895 1533 culpa
913 1457 1005 1505 con-

40 1586 139 1646 tracta.
248 1609 250 1614 ·

57 1669 148 1846 ffij.
170 1669 230 1740 ta.
270 1667 339 1738 Sed
360 1663 420 1732 doc
441 1646 585 1750 qaaere]
618 1645 814 1719 Correctio.
845 1595 848 1602 Ι
880 1638 1006 1754 Defert

41 1803 56 1848 o
86 1799 181 1845 erum.

224 1917 363 1990 Aliud
397 1899 785 2004 argumentum'ffl).

116 2060 375 2152 Argumentum
400 2049 506 2143 plane
528 2041 623 2110 idem
648 2049 700 2108 est
723 2059 803 2106 eum
828 2027 1006 2121 superiori

41 2165 174 2258 epistola.
227 2155 446 2229 Consolatur
460 2147 555 2220 enim
572 2139 782 2220 Caecinam,
809 2130 949 2204 etfacit
971 2129 1005 2200 ei

41 2293 135 2360 spem,
157 2266 234 2334 iore
262 2272 304 2330 ut
324 2254 425 2330 brevi
446 2246 656 2322 restituatur
682 2265 702 2310 a
722 2238 885 2309 Caesare.
935 2229 1005 2302 Er-

41 2371 157 2442 ordium
177 2361 291 2435 habet
308 2361 455 2430 brevem
478 2346 738 2422 excusationem
755 2335 911 2420 silentii,
937 2347 1005 2406 est-

40 2498 92 2568 que
107 2468 186 2540 hacc
206 2484 350 2538 summa
376 2455 537 2532 exordii:
567 2449 746 2520 Hactenus
770 2465 844 2512 non
867 2435 1004 2530 scripsi,

40 2575 104 2669 quia
118 2569 229 2656 malui,
240 2566 310 2638 tibi
327 2557 500 2654 gratulari
514 2554 553 2622 in
567 2551 673 2620 rebus
686 2544 870 2627 secundis,
895 2563 1016 2634 quam-

41 2689 66 2746 te
83 2677 114 2744 in
131 2669 291 2744 adversis
312 2666 421 2736 rebus
442 2652 631 2731 consolari.
683 2647 853 2742 Sequitur
872 2666 1004 2735 propo-

41 2780 102 2852 sitio
122 2769 378 2848 consolatoria:
418 2762 512 2832 Volo
540 2770 574 2827 te
603 2749 801 2832 consolari,
840 2769 918 2820 cum
941 2741 1005 2816 ha-

40 2882 121 2952 beam
136 2890 251 2949 certas
266 2871 499 2948 coniecturas,
514 2857 698 2952 exquibus
714 2850 837 2922 divino
853 2859 887 2916 te
903 2845 1006 2916 brevi

41 2982 290 3054 restituendum.
346 2961 594 3062 Propositioni
615 2959 796 3028 adduntur
815 2950 906 3019 duae
930 2971 1005 3016 am.

41 3084 264 3178 plificationcs.
336 3074 458 3144 Altera
495 3072 636 3153 sumpta
664 3068 717 3131 est
743 3079 763 3124 a
794 3049 1003 3122 collatione:

39 3189 117 3259 Sicut
130 3198 167 3256 tu
176 3192 234 3254 'me
255 3178 458 3258 consolatus
473 3193 509 3242 es
523 3167 696 3236 adductus
710 3154 815 3232 certis
829 3151 1006 3226 coniectu-

38 3290 89 3375 ris,
112 3313 186 3360 cum
205 3306 322 3356 essem
341 3290 438 3350 actus
454 3273 493 3342 in
511 3267 673 3343 exilium:
699 3261 749 3332 ita
771 3280 837 3350 ego
860 3276 1005 3354 quoque

40 3394 122 3464 tertis
144 3383 360 3462 coniecturis
378 3377 533 3450 reditum
556 3382 657 3440 tuum
688 3362 899 3456 promittere
925 3379 1007 3447 pos-

39 3521 110 3567 sum.
156 3493 283 3568 Altera
300 3481 409 3557 estah
424 3471 603 3566 exemplo:
630 3468 729 3540 Sicut
748 3477 789 3534 tu
810 3462 895 3532 olim
918 3456 1007 3526 divi-

40 3600 130 3668 nabas
155 3597 197 3666 de
217 3613 304 3663 meo
325 3584 443 3658 reditu
464 3603 506 3652 ex
531 3571 693 3645 doctrina
719 3567 794 3638 sive
817 3573 1008 3642 astrorum,

40 3701 97 3772 sive
111 3697 332 3790 aruspicum:
366 3688 416 3760 sie
431 3707 496 3775 ego
511 3699 607 3754 nunc
621 3699 665 3746 ex
678 3667 822 3764 politica
843 3661 1008 3738 doctrina

41 3801 140 3872 iudico
155 3804 198 3872 de
215 3813 281 3870 tuo
296 3791 427 3867 reditu.

121 3904 336 3996 Priusquam
365 3902 484 3962 autem
512 3879 732 3952 coniecturas
752 3871 831 3944 illas
853 3865 1011 3960 exponit,

41 4007 216 4099 digreditur
231 3993 403 4090 nonnihil
417 3993 462 4075 ab
477 3991 710 4077 argumento,
743 3986 779 4044 et
797 3970 882 4042 iacit
904 3971 1011 4039 fidem

41 4133 109 4180 suae
127 4100 344 4182 divinationi
365 4095 469 4167 altius
490 4099 675 4180 repetens,
705 4075 888 4172 quomodo
908 4093 1012 4163 prae-

42 4211 152 4282 viderit
177 4198 313 4280 exitmn'
336 4199 421 4285 belli
441 4195 535 4267 inter
558 4189 746 4260 Caesarem
775 4179 881 4272 atque
904 4174 1012 4262 Pom-

41 4315 162 4404 peium,
183 4324 293 4405 atque
307 4304 357 4374 ibi
371 4300 486 4371 obiter
500 4317 562 4364 sua
579 4285 726 4360 consilia
742 4285 1012 4351 commemorat.

41 4413 92 4486 list
109 4429 225 4488 autem
250 4407 340 4480 haec
363 4398 533 4500 epistolae
554 4415 638 4490 pars
656 4390 763 4476 longe
785 4375 1013 4480 praestantis-

49 4545 241 4564 Μ

69 4616 113 4678 77)
127 4617 202 4678 ern]
219 4613 273 4667 ld.
293 4607 369 4670 1117.
384 4551 473 4666 nitet
500 4607 561 4650 cun
579 4605 619 4646 ss.

69 4701 112 4762 71)
130 4703 186 4762 ent]
203 4697 291 4750 taut.
310 4693 403 4755 lffl,
421 4685 516 4748 aaut,
535 4678 612 4734 1617.
629 4674 716 4726 aaut

70 4785 114 4848 m
129 4785 208 4839 Gaul.
220 4779 334 4860 ,tantm
354 4765 572 4832 Bul-troam.
589 4763 619 4814 ’1.
634 4761 655 4812 1.
675 4772 704 4828 p.
717 4755 779 4810 tat.

71 4871 206 4932 71)111οο
223 4868 291 4922 nota
308 4863 338 4914 ct
360 4857 432 4910 dnae
453 4847 652 4919 praesedentes
674 4843 705 4896 tn
721 4839 807 4892 ttdltt.
826 4835 919 4900 1111,
939 4831 1015 4884 1161,

100 4941 128 4990 tr
143 4949 226 4992 onam
241 4935 285 4985 aie
300 4927 462 4984 metaneae·
478 4919 559 4974 suut:
589 4910 803 4979 amtorem]
820 4905 889 4958 tinto
905 4905 967 4955 emt
982 4921 1019 4936 -·

102 5011 193 5059 terrae
210 5001 302 5069 periit.
336 4997 442 5050 trinorc
467 5003 501 5042 ex
518 4987 616 5052 qulam
632 5007 669 5030 -ι-
686 4991 752 5032 esso
764 4975 919 5030 casuum.
954 4968 1018 5020 Prt-

103 5087 173 5130 m
189 5069 299 5134 estttgtt
315 5065 399 5130 signs
413 5071 435 5112 ι
448 5056 582 5112 caesaria
598 5053 709 5104 astura.

72 5161 118 5220 71)
134 5159 236 5217 uota]
254 5149 395 5206 1111116.
412 5145 530 5205 Nolim:
558 5140 610 5192 ltt.
630 5136 707 5188 1166.
725 5130 754 5182 ln
772 5128 830 5182 cta.
848 5120 1020 5178 vertiniolo

105 5233 183 5280 notas
199 5219 337 5289 appositis
353 5217 449 5268 uasta
469 5212 571 5274 Natu,
594 5207 624 5257 tn
639 5205 717 5257 tastu
733 5201 824 5250 auum
843 5195 936 5248 Notat.

77 5313 123 5372 71)
136 5315 192 5364 noe
206 5305 399 5376 musetum
417 5301 446 5353 at
459 5295 517 5352 ‘duo
533 5289 677 5365 nemum
693 5287 729 5340 aa
745 5267 1022 5346 rntt.1mt.,'ttsa

109 5381 223 5440 -1196-
244 5375 410 5433 emuntur.
450 5426 455 5437 ,
560 5423 564 5432 ,

1059 307 1171 394 suna,
1192 306 1295 404 quod
1308 305 1399 378 sicut
1415 303 1675 399 ipse-testatur,
1709 311 1827 386 omnis
1848 309 1936 390 haee
1956 326 2050 396 ratio

1059 423 1151 482 etex
1167 432 1299 500 magno
1316 432 1436 478 rerum
1451 430 1534 488 usu,
1563 418 1597 474 et
1614 429 1657 476 ex
1678 410 1841 484 doctrina
1865 425 2049 496 recondita
2174 407 2176 410 ¹

1058 511 1213 630 situata.
1263 510 1393 628 Postea
1409 508 1562 598 reditad
1578 506 1801 599 institutum,
1826 529 1861 588 et
1881 541 2049 598 numerat

1058 637 1157 706 signa
1175 635 1258 686 suae
1273 609 1503 682 divinationis
1519 608 1705 701 politicae,
1733 641 1845 710 quare
1867 626 1989 695 credat
2011 628 2050 700 in

1057 716 1159 787 brevi
1175 714 1432 788 restituendum
1449 733 1523 781 esse
1535 711 1724 784 Caecinam
1735 711 1819 814 π8).
1870 721 1971 797 Facit
1985 753 2049 801 au.
2167 725 2177 732 ”

1058 831 1130 889 tem
1147 815 1301 910 duplicia
1316 818 1428 908 signa.
1465 812 1628 884 Primum
1645 831 1826 908 sumptum
1843 836 1895 895 est
1909 851 1951 898 ex
1968 854 2049 922 per-

1057 945 1144 992 sona
1154 918 1332 992 Caesaris:
1351 917 1483 988 Caesar
1499 929 1552 984 est
1567 916 1719 990 clemens
1735 933 1769 990 et
1782 925 1956 1013 prudens:
1980 933 2051 1024 igiae

1057 1035 1205 1142 turlnon
1221 1020 1377 1113 patietur
1393 1033 1427 1089 te
1445 1018 1565 1090 abesse
1582 1019 1714 1090 diutius
1732 1044 1750 1090 a
1766 1029 1959 1116 republica.
1975 1033 2050 1104 Ad.
2079 995 2084 1010 .

1057 1126 1110 1196 du
1126 1121 1410 1216 occupationem,
1438 1133 1472 1190 et
1489 1144 1629 1190 eausam
1646 1121 1749 1206 dicit,
1776 1149 1840 1196 cur
1853 1131 1972 1204 minus
1985 1136 2056 1208 illa'·
2078 1081 2088 1112 i

1056 1225 1241 1346 clementia
1261 1219 1446 1318 caesart)
1462 1217 1633 1293 hactenus
1647 1224 1693 1293 sit
1709 1248 1804 1298 usus.
1842 1229 2045 1309 Secundum

1056 1353 1195 1422 srgnum
1217 1339 1398 1420 sumptum
1422 1335 1474 1394 est
1499 1348 1540 1394 ex
1561 1325 1766 1396 conditione
1788 1340 1991 1424 temporum
2009 1354 2046 1411 et

1055 1455 1193 1503 rerum:
1226 1429 1301 1504 Nos
1324 1451 1400 1498 non
1422 1451 1544 1496 sumus
1564 1424 1652 1498 mali
1671 1427 1784 1511 cives,
1817 1434 1879 1526 qui
1892 1434 2046 1532 Pompe.

1055 1535 1130 1606 ium
1147 1530 1258 1604 secuti
1274 1554 1407 1612 sumus,
1434 1539 1540 1622 atque
1549 1527 1596 1624 ⁷⁷)
1611 1551 1706 1598 nunc
1723 1529 1830 1601 etiam
1848 1537 1935 1606 mali
1950 1539 2043 1614 cives

1055 1635 1308 1709 restituuntur:
1345 1631 1454 1724 igitur
1475 1641 1513 1698 tu
1535 1653 1699 1724 quoque,
1734 1631 1798 1727 qui
1817 1634 1933 1711 bonus
1958 1641 2044 1716 civis

1056 1763 1092 1810 es
1102 1790 1126 1856 ,⁸
1139 1736 1334 1830 aliquando
1348 1729 1555 1804 restitueris.
1613 1731 1710 1801 Haec
1725 1746 1809 1806 sunt
1821 1739 1893 1810 duo
1908 1725 2046 1832 princiss

1055 1841 1149 1934 paha
1184 1848 1412 1954 argumenta,
1457 1831 1585 1926 quibus
1614 1834 1715 1904 addit
1746 1836 1816 1906 alia
1852 1846 2028 1936 quaedam

1056 1967 1147 2038 quae
1163 1942 1306 2011 brevius
1319 1934 1545 2030 perstringit,
1570 1947 1742 2032 tanquam
1756 1963 1831 2008 non
1845 1899 2043 2020 necessarii

1055 2057 1205 2138 propter
1234 2053 1367 2111 certam
1398 2061 1497 2130 spem
1524 2037 1672 2112 reditus.
1737 2039 1901 2116 Primum
1923 2061 1977 2120 est
1997 2053 2044 2124 ab

1056 2143 1225 2218 honesto:
1271 2141 1395 2233 Turpe
1429 2150 1482 2212 est
1513 2138 1553 2209 in
1588 2141 1747 2212 adversis
1764 2145 1888 2222 ,retus
1920 2150 2043 2224 animo

1055 2247 1188 2339 frangi:
1222 2243 1330 2336 igitur
1345 2244 1436 2312 hene
1450 2263 1580 2332 speres.
1637 2241 1841 2316 Secundum
1863 2251 1971 2322 etiam
1992 2268 2046 2326 est

1056 2349 1100 2422 ab
1133 2346 1284 2419 honesto
1319 2347 1480 2416 ductum:
1520 2341 1665 2413 Nullam
1699 2345 1840 2436 culpam
1871 2353 2041 2427 sustines·

1056 2479 1139 2546 ergo
1161 2447 1253 2522 nihil
1274 2460 1344 2532 est,
1370 2445 1468 2542 quod
1490 2443 1621 2516 doleas.
1673 2445 1836 2518 Tertium
1856 2453 1902 2522 ab
1928 2409 2044 2526 exem:

1055 2557 1140 2654 plis:
1166 2551 1238 2622 Alii
1254 2550 1376 2620 eadem
1394 2560 1477 2624 sunt
1490 2545 1603 2640 passi:
1628 2571 1712 2640 ergo
1728 2559 1768 2620 tu
1783 2575 1927 2646 quoque
1940 2581 2045 2648 prae-

1055 2669 1191 2730 sentem
1210 2657 1392 2724 sortunam
1413 2649 1502 2722 boni
1525 2649 1680 2722 consule.
1731 2650 1911 2745 Quartum
1932 2681 1953 2726 a
1978 2683 2044 2749 pu.

1055 2761 1148 2830 blico
1177 2781 1298 2830 rerum
1323 2764 1438 2838 statu,
1478 2749 1542 2848 qui
1563 2746 1703 2822 Romae
1730 2753 1788 2826 sit.
1854 2725 2045 2832 Conclusio

1055 2860 1164 2933 habet
1176 2855 1455 2938 correctionem,
1481 2852 1580 2948 quod
1594 2847 1685 2924 nihil
1704 2878 1792 2946 opus
1808 2853 1938 2932 sithoc
1954 2874 2044 2932 tem·

1056 2987 1144 3056 pore
1161 2956 1379 3050 argumentis
1395 2953 1654 3026 consolatoriis.
1693 2951 1736 3024 In
1751 2958 1820 3030 fine
1836 2960 1936 3032 addit
1950 2963 2045 3034 dau.

1056 3067 1190 3150 sulam,
1216 3062 1253 3128 in
1271 3083 1340 3154 qua
1358 3059 1472 3128 desert
1490 3055 1658 3130 officium.

1304 3210 1439 3280 Aliud
1465 3221 1790 3301 argumentum.

1159 3353 1421 3443 Argumentum
1443 3343 1610 3416 convenit
1633 3367 1713 3414 cnm
1730 3343 1957 3437 praecedenti
1974 3346 2047 3438 epi-

1058 3457 1162 3530 stola.
1213 3455 1307 3526 Nam
1322 3447 1380 3520 hic
1395 3448 1600 3526 consolatur
1618 3445 1829 3532 Caecinam,
1854 3447 1956 3542 eique
1973 3472 2047 3520 cer.

1059 3575 1133 3631 tam
1157 3581 1256 3651 spem
1276 3554 1360 3624 iacit
1378 3553 1423 3622 de
1444 3550 1573 3622 reditu.
1624 3545 1822 3620 Exordium
1848 3550 2000 3619 sumitur
2025 3575 2047 3619 a

1061 3663 1216 3759 quadam
1237 3653 1486 3726 extenuatione
1503 3673 1649 3722 suorum
1666 3649 1864 3728 officiorum
1881 3662 1916 3719 et
1929 3652 1974 3719 ab
1990 3675 2048 3719 ex-

1061 3761 1242 3837 cusatione
1268 3756 1411 3830 silentii.
1477 3751 1684 3846 Propositio
1714 3764 1767 3822 est
1796 3751 2047 3836 consolatoria,

1060 3881 1103 3944 ut
1123 3861 1214 3934 nihil
1232 3862 1370 3953 dubitet
1390 3857 1432 3926 de
1453 3856 1583 3926 reditu.
1639 3851 1743 3924 Hanc
1760 3853 1921 3946 sequitur
1940 3855 2049 3944 longa

1063 3963 1284 4040 enumeratio
1302 3970 1616 4052 argumentorum,
1647 3955 1776 4050 quibus
1792 3967 1889 4024 certo
1905 3955 2050 4046 pollice·

1062 4085 1122 4145 tur
1136 4069 1312 4158 reditum,
1345 4076 1381 4134 et
1395 4061 1508 4162 utitur
1526 4061 1572 4130 ad
1589 4058 1840 4154 probationem
1860 4056 2049 4146 collatione

1064 4173 1099 4244 et
1113 4174 1193 4242 loco
1211 4165 1394 4239 communi
1406 4166 1449 4234 de
1467 4161 1687 4235 divinatione
1702 4158 1869 4250 politica,
1894 4137 2049 4230 comme·

1063 4273 1209 4350 morans
1225 4295 1305 4343 suas
1321 4263 1492 4362 quasdam
1507 4261 1785 4355 praedictiones,
1811 4283 1903 4354 quae
1918 4261 2052 4331 luerint

1065 4378 1279 4452 verissimae.
1330 4369 1437 4460 Signa
1460 4390 1546 4436 vero
1568 4359 1673 4433 huius
1697 4361 1928 4433 divinationis
1949 4383 2052 4453 prae-

1065 4481 1172 4552 'sentis
1184 4475 1294 4548 sumit
1308 4474 1352 4541 ab
1368 4466 1512 4560 ingenio
1527 4463 1704 4548 Caesaris,
1731 4479 1799 4536 eta
1818 4475 1945 4532 natura
1964 4474 2053 4540 tenu

991 4577 996 4588 ’
1065 4607 1208 4677 porum.
1248 4574 1350 4645 lluic
1364 4569 1602 4640 consolationi
1616 4570 1659 4637 de
1681 4569 1799 4638 reditu
1819 4563 1889 4632 alia
1911 4563 2053 4633 subiici-

1067 4699 1126 4756 tur
1142 4687 1186 4755 de
1201 4675 1354 4752 serendis
1368 4675 1533 4743 fortunae
1547 4668 1707 4754 iniuriis,
1732 4689 1825 4762 quae
1840 4663 1916 4736 sine
1930 4679 2053 4738 nostra

1068 4787 1171 4878 culpa
1192 4789 1395 4853 contractae
1413 4787 1507 4848 sunt.
1557 4772 1776 4863 Argumenta
1801 4779 1992 4840 sumuntur
2010 4783 2055 4838 'ex
2151 4823 2153 4828 ,

1067 4887 1232 4962 honesto.
1276 4878 1466 4951 Conclusio
1480 4873 1658 4976 principio
1674 4867 1783 4942 habet
1796 4869 2055 4966 praecisionem

1071 5121 1087 5137 ι·
1102 5091 1172 5156 711)
1191 5089 1352 5152 cseotnsm]
1370 5083 1421 5142 11.
1439 5081 1514 5134 1619.
1532 5089 1631 5132 errore
1651 5079 1781 5141 :noges
1800 5071 1976 5126 oaentnnsn.

1103 5168 1417 5300 ⁷⁶)..ffssfmliiiissi'
1437 5169 1531 5266 1666,
1555 5165 1642 5217 adite.
1663 5163 1755 5228 1661,
1776 5159 1868 5221 tota„
1889 5153 1964 5206 1691.
1983 5152 2058 5204 Gaa-

1074 5361 1078 5372 ·
1104 5333 1157 5396 m
1174 5331 1271 5397 atqua]
1286 5325 1330 5380 sla
1345 5321 1396 5376 Ed.
1418 5323 1491 5374 1166.
1501 5337 1510 5388 3
1535 5319 1620 5370 attat.
1635 5315 1728 5380 ¹563„
1749 5309 1842 5371 tm,
1860 5305 1936 5357 ttae.
1954 5304 2037 5370 atqui.

1354 5391 1442 5468 14*
