4696 5802
231 132 279 281 5'1
746 178 762 284 ζ
807 185 931 280 rnu..
963 175 1683 276 unr.;soomra÷esnoroo1os·.
2232 181 2301 260 ss

239 372 378 472 patriae
389 368 554 462 gesserit.
606 356 1239 458 magistermemoriae
1291 357 1381 442 illis,
1414 357 1480 454 qui
1500 357 1768 429 labefactarant
1787 357 2052 452 rempublidatn
2072 357 2300 432 ‘etonnium
2346 365 2347 368 ’

248 477 377 572 quibus
392 474 437 543 ad
450 471 582 542 nullius
597 468 748 562 gratiam
766 478 829 536 aut
848 463 997 561 dixerit,
1030 475 1094 535 aut
1116 460 1242 532 fecerit
1292 459 1888 553 flagitiommlicentiamimprdsis
1902 475 2163 538 warennam.
2195 459 2306 531 ffinc

250 577 387 674 aliquid
396 577 498 659 adeo,
513 573 749 645 utCaesarem
764 567 1020 661 etPompeinm
1031 563 1242 640 summosin
1293 575 1438 657 smnpta
1462 563 1648 636 occasione
1672 563 1785 635 utitur
1812 565 1971 656 longiori
1999 565 2218 656 Quiane
2250 563 2304 632 de
2346 625 2347 640 ,

251 679 433 776 republica
443 677 540 750 viros
554 664 703 769 propter
719 697 798 743 eam
813 694 891 742 rem
906 669 1109 742 offenderit.
1134 666 1244 738 Prior
1295 691 1360 742 suo
1377 666 1503 751 exilio,
1530 667 1568 740 in
1586 685 1657 762 qua
1672 679 1814 758 praeter
1834 668 2017 761 querelam
2031 676 2306 741 commemorat

253 808 358 855 causa
373 795 424 854 est
438 783 481 851 de
495 777 778 866 Bibulo-collega
796 774 957 846 Caesaris
981 773 1020 841 in
1045 771 1245 858 consulatu,
1295 770 1409 844 animi
1425 770 1482 842 sui
1495 769 1752 852 constantiam,
1782 785 1857 864 'que
1881 771 2086 872 traptaverit
2105 769 2304 842 liberrime

252 887 317 984 qui
341 909 378 956 se
402 879 623 976 opposuitffl)
647 877 792 975 Caesari
816 878 854 947 in
875 877 952 968 lege
976 871 1245 969 perferendatt)
1296 872 1514 968 reipublicae
1532 873 1697 964 negotia,
1730 885 1967 967 posteaquam
1991 875 2037 944 ab
2059 875 2166 948 exilio
2186 895 2304 942 revo-

254 991 394 1082 deagro
404 985 602 1077 Campano,
617 993 876 1076 cumquemota
891 979 1066 1050 seditione
1083 978 1129 1048 ad
1145 997 1246 1046 arma
1298 989 1397 1050 catus
1413 990 1510 1061 erat,
1536 989 1572 1046 et
1585 973 1685 1049 addit
1700 999 1824 1046 cattsas
1836 971 1942 1048 huius
1957 1001 2040 1048 suae
2056 973 2305 1048 constantiae.

254 1103 400 1161 ventum
426 1100 534 1169 esset,
569 1095 716 1155 testatus
740 1097 792 1155 est
813 1081 954 1176 publice
977 1081 1118 1152 obiecto
1142 1079 1247 1163 collo,
1298 1079 1390 1172 Apte
1408 1081 1548 1150 orditur
1564 1079 1714 1148 alteram
1728 1079 1986 1151 narrationem.
2031 1079 2157 1152 Potuit
2169 1089 2303 1150 aute'rn

254 1217 289 1264 se
313 1211 542 1287 nequaquam
564 1189 718 1280 probare
734 1186 896 1258 Caesaris
917 1184 1106 1258 consilium
1129 1185 1173 1254 de
1194 1181 1248 1251 di·
1298 1179 1368 1254 hoc
1384 1183 1508 1256 obiici:
1535 1183 1695 1280 Tantum
1709 1181 1762 1251 vis
1777 1193 1937 1273 spectare
1950 1185 2040 1254 duos
2058 1195 2121 1258 aut
2135 1193 2304 1276 quatuor

254 1293 392 1364 visione
427 1315 610 1384 agrorum.
670 1289 773 1364 Hanc
804 1288 1073 1374 voccmBibuli
1101 1287 1248 1378 dignam
1299 1285 1503 1378 potentesi',
1546 1284 1621 1357 Cur
1648 1308 1725 1354 non
1745 1297 1924 1378 respectas
1952 1297 2067 1357 totum
2090 1279 2304 1376 populum?

210 1487 215 1490 -
253 1395 351 1468 bono
385 1395 464 1466 viro
492 1393 618 1466 Cicero
651 1392 737 1464 dicit
770 1417 806 1464 se
840 1391 1048 1486 praetulisse
1082 1389 1248 1460 omnibus
1298 1389 1522 1482 Respondet:
1549 1388 1654 1458 Plato
1671 1387 1808 1481 inquit,
1834 1388 2008 1479 populum
2024 1389 2125 1482 sequi
2140 1409 2260 1477 reges.

254 1493 447 1596 triumphis
463 1496 636 1568 Caesaris.
686 1495 809 1566 Altera
826 1519 930 1566 causa
948 1510 1001 1567 est
1018 1497 1062 1565 de
1084 1517 1147 1566 sua
1168 1514 1249 1584 per·
1400 1491 1520 1562 Finita
1535 1490 1753 1584 digressione
1769 1493 1815 1560 ad
1826 1490 2033 1563 institutum
2046 1491 2159 1574 redit,
2187 1501 2224 1558 et
2239 1512 2305 1556 re·
2346 1499 2347 1502 ’

256 1612 365 1688 sona,
391 1600 578 1696 quodipse
596 1623 740 1694 quoque
760 1599 804 1668 de
827 1622 914 1690 agro
930 1598 1138 1691 Campano,
1170 1609 1249 1664 tan·
1300 1593 1391 1686 petit
1422 1595 1572 1666 alteram
1603 1595 1781 1664 rationem
1811 1594 1856 1666 de
1885 1606 2064 1688 statusseu
2084 1597 2203 1664 lorma
2224 1591 2305 1660 rei·
2346 1607 2347 1626 ¹

200 1711 208 1742 ‘
256 1729 367 1801 quam
406 1705 450 1774 de
489 1727 529 1774 re
568 1695 709 1794 ingrata
744 1701 989 1794 maximopere
1026 1697 1251 1773 contenderit
1302 1696 1483 1789 publicae,
1521 1695 1561 1769 in
1592 1721 1663 1791 qua
1685 1720 1761 1766 nou
1784 1695 1937 1788 amplius
1958 1697 2087 1768 sitille
2108 1698 2305 1768 bonorum

248 1821 381 1880 contra
402 1807 591 1878 Caesarem
605 1803 732 1876 referri
750 1804 796 1903 ad
814 1816 989 1876 senatum.
1302 1821 1514 1885 consensus,
1541 1800 1604 1897 qui
1621 1799 1703 1869 ante
1717 1799 1796 1870 luit.
1846 1797 1949 1882 ltem,
1973 1800 2038 1875 ubi
2053 1796 2305 1893 potentissimi

359 1908 707 1981 Commemorationi
722 1919 841 1978 autem
855 1933 872 1991 ,'
891 1907 931 1976 in
947 1929 1017 2001 qua
1038 1902 1252 1996 significavit
1302 1903 1422 1996 potius
1435 1927 1537 1976 suam
1554 1901 1754 1996 potentiam
1775 1901 1932 1978 stabilire
1955 1909 2149 1988 conentur,
2178 1922 2303 1996 qrram

257 2039 294 2086 se
319 2009 409 2082 nihil
434 2012 482 2082 ad
502 2009 651 2082 alicuius
672 2009 823 2102 gratiam
847 2009 886 2077 iu
911 2007 1093 2101 republica
1123 2006 1250 2076 dixisse
1302 2006 1520 2098 reipublicae
1536 2007 1733 2081 consulere.
1783 2005 1912 2074 Postea
1929 2005 2074 2077 subiicit
2094 2003 2304 2078 conclusio·

128 2123 135 2130 '
258 2115 476 2198 autfecisse,
502 2111 645 2186 subiicit
656 2113 802 2202 longam
818 2111 1146 2192 enumerationem,
1173 2107 1252 2203 qui:
1302 2131 1405 2194 nem,
1431 2135 1468 2181 se
1484 2110 1633 2182 omnino
1650 2121 1744 2180 recte
1758 2105 1901 2191 iecisse,
1927 2112 2138 2202 quodsnam
2152 2119 2306 2182 senten·
2346 2109 2347 2136 ¹

218 2226 222 2238 ’
255 2221 323 2290 bus
338 2216 538 2288 rationibus
556 2216 728 2286 adductus
740 2213 953 2284 sententiam
974 2211 1185 2296 mutaverit,
1217 2225 1252 2280 et
1303 2212 1393 2282 tiam
1416 2225 1452 2282 et
1472 2212 1694 2284 voluntatem
1716 2211 1931 2295 mutaverit,
1971 2225 2007 2290 et
2032 2215 2133 2284 addit
2155 2214 2305 2306 aliquot

256 2319 410 2392 multum
441 2318 620 2391 remiserit
648 2318 692 2387 de
724 2341 787 2387 sua
819 2317 984 2388 libertate
1015 2315 1053 2385 iu
1088 2315 1250 2386 dicendo.
1303 2330 1495 2407 praecepta
1512 2314 1694 2398 Platonis,
1720 2313 1806 2384 item
1828 2317 2213 2388 commemorationem
2235 2315 2305 2382 be·

257 2423 393 2522 Estque
422 2417 510 2491 haec
534 2419 704 2514 epistolae
724 2443 808 2512 pars
833 2419 1029 2512 prudenter
1052 2418 1206 2509 cogitata
1230 2440 1249 2484 a
1303 2417 1513 2488 ueficiorum
1536 2417 1717 2502 Caesarls,
1748 2441 1858 2511 quem
1888 2419 1944 2490 vel
1974 2421 2193 2492 eonomine
2222 2414 2304 2488 suia

260 2526 450 2609 Cicerone,
477 2537 512 2594 et
527 2523 700 2616 singsdari
716 2522 900 2614 diligentia
917 2534 1088 2604 tractata,
1121 2522 1159 2590 in
1180 2543 1250 2614 qua
1303 2520 1486 2592 sententiis
1500 2520 1539 2591 in
1553 2533 1680 2592 senatu
1695 2543 1824 2590 ornare
1848 2521 1988 2592 debeat.
2046 2575 2050 2584 .

257 2640 383 2699 monet
397 2650 502 2720 saepe
516 2625 708 2697 flectendas
724 2649 797 2696 esse
811 2626 1008 2726 sententias
1021 2626 1067 2694 ad
1084 2623 1252 2714 reipubli-
1404 2622 1575 2716 Exposita
1589 2621 1729 2702 ratione
1746 2647 1894 2694 suorum
1912 2625 2156 2714 consiliorum,
2182 2651 2306 2724 quare

259 2755 320 2801 cae
335 2731 539 2804 utilitatem.
588 2725 678 2801 Item
691 2727 866 2820 siguificat
882 2727 990 2811 illud,
1017 2728 1115 2822 quod
1130 2725 1252 2796 Mene·
1303 2724 1347 2794 de
1368 2725 1531 2796 libertate
1553 2749 1617 2798 sua
1640 2725 1679 2794 in
1698 2726 1882 2797 sententiis
1894 2727 2058 2799 dicendis
2068 2731 2225 2802 multum
2242 2757 2306 2800 re-

256 2835 337 2904 laus
351 2833 448 2926 apud
460 2830 671 2924 Euripidem
691 2831 730 2900 in
750 2826 935 2924 Iphigenia
959 2830 1028 2915 ait,
1060 2823 1157 2900 hunc
1178 2853 1251 2900 esse
1303 2827 1459 2913 miserit,
1486 2853 1583 2900 nunc
1599 2829 1795 2920 respondet
1807 2825 1961 2900 Lentulo
1986 2834 2033 2902 ad
2055 2851 2116 2918 ea,
2148 2837 2192 2904 de
2217 2834 2306 2928 qui-

257 2961 398 3011 morem
421 2933 510 3006 boni
533 2933 623 3018 viri,
661 2935 842 3004 interdum
863 2946 1004 3006 mutare
1026 2932 1252 3016 sententiam,
1302 2932 1369 3002 bus
1400 2931 1640 3024 interrogatus
1672 2943 1767 3015 erat,
1808 2943 1844 3000 et
1870 2932 2029 3024 primum
2057 2937 2102 3004 de
2131 2937 2303 3021 Vatinio,
2346 2995 2347 3024 ,

258 3053 293 3110 et
324 3063 464 3130 semper
487 3037 541 3109 uti
567 3037 702 3129 optima
724 3037 901 3108 sententia
919 3034 978 3134 ⁷⁰).
1043 3036 1167 3107 Prima
1195 3058 1253 3104 ra·
1304 3057 1415 3127 quare
1431 3035 1533 3105 illum
1550 3057 1655 3108 suum
1677 3033 1864 3106 inimicum
1880 3037 2090 3116 detenderit.
2137 3041 2306 3111 Excusa-

132 3157 134 3162 ’
258 3142 309 3211 tio
336 3154 389 3212 est
411 3165 431 3209 a
455 3159 609 3231 persona
627 3141 793 3223 illorum,
827 3139 890 3234 qui
915 3152 1108 3230 praeerant
1133 3139 1252 3230 reipu-
1304 3138 1355 3216 tio
1384 3138 1523 3208 duabus
1551 3137 1714 3229 partibus
1743 3149 1897 3208 constat.
1932 3140 2069 3212 Prior
2092 3165 2112 3212 a
2135 3169 2303 3237 persona

258 3243 391 3328 blicae,
444 3254 663 3336 etversatur
690 3239 729 3308 in
761 3237 830 3310 hoc
863 3241 1086 3334 syllogismo:
1139 3241 1251 3312 Bonis
1302 3238 1470 3330 Pompeii
1494 3253 1529 3310 et
1550 3240 1730 3323 Caesaris,
1770 3240 1900 3334 quihus
1929 3243 2079 3314 omnino
2101 3245 2139 3316 in
2162 3243 2231 3318 hac
2258 3273 2304 3318 re

259 3339 365 3429 vnis,
391 3345 457 3414 sub
474 3342 603 3439 quibus
618 3355 735 3434 potest
751 3367 824 3414 esse
848 3344 1040 3415 mediocris
1063 3359 1099 3414 et
1121 3344 1251 3414 tolera·
1304 3341 1575 3432 gratificandum
1604 3344 1673 3414 suit
1703 3343 2002 3418 intercedentibus
2036 3373 2104 3440 pro
2133 3351 2305 3424 Vatinio.

241 3446 341 3518 ‘bilis
353 3458 465 3518 status
483 3445 719 3538 reipublicae,
753 3447 1020 3518 concedendum
1044 3461 1112 3528 est;
1142 3447 1259 3516 Pom-¹
1302 3445 1426 3514 Altera
1444 3468 1464 3514 a
1480 3445 1636 3516 factione
1652 3445 1848 3530 Clodiana,
1882 3448 1940 3520 cui
1963 3462 2003 3520 ut
2025 3451 2162 3546 aliquid
2187 3479 2304 3548 aegre

258 3549 361 3643 peius
377 3563 413 3618 et
428 3549 559 3620 Caesar
576 3561 658 3620 sunt
674 3549 782 3618 tales:
813 3573 901 3640 ergo
922 3549 991 3620 illis
1015 3551 1144 3619 merito
1168 3573 1251 3620 con·
1302 3548 1454 3632 faceret,
1493 3573 1706 3644 quacunque
1731 3549 1876 3620 tandem
1895 3553 2082 3624 occasione
2105 3556 2304 3630 Vatinium

260 3653 408 3723 ceditur.
460 3650 664 3752 Praemittit
682 3664 802 3722 autem
823 3652 1020 3744 elegantem
1043 3653 1251 3744 descriptio·
1303 3650 1493 3719 defendere
1506 3651 1631 3722 voluit.
1670 3651 1766 3722 citat
1781 3663 1900 3722 autem
1916 3655 2096 3746 aptissime
2112 3657 2305 3752 integrum

257 3780 341 3826 nem
357 3774 504 3827 suarum
521 3752 777 3845 cogitationum
794 3778 862 3847 pro
878 3755 1080 3847 republica,
1106 3755 1251 3850 nequid
1302 3753 1421 3822 locum
1444 3753 1623 3836 Terentii,
1664 3779 1736 3848 quo
1759 3755 1890 3846 probat
1910 3783 2014 3829 suum
2038 3763 2228 3835 consilium
2258 3767 2305 3838 in

259 3860 429 3930 adversus
446 3883 524 3930 eam
541 3856 726 3950 delinquat
746 3881 809 3928 sua
833 3857 895 3926 illa
917 3859 1138 3930 remissione.
1190 3859 1250 3928 Se·
1291 3855 1524 3944 *defendendo
1538 3855 1738 3926 Vatinio'iu
1753 3857 1877 3928 odium
1889 3860 2145 3938 Clodianorum
2158 3869 2305 3943 lactum

260 3963 374 4032 cunda
408 3961 503 4030 ratio
533 3959 687 4029 sumitur
726 3983 747 4026 a
779 3961 895 4030 forma
929 3962 1165 4053 reipublicae,
1211 3961 1251 4030 in
1301 3958 1427 4044 fuisse,
1449 3961 1752 4054 proptereaquod
1769 3963 1978 4047 conseruat,
2012 3982 2053 4037 ut
2074 3972 2161 4041 tales
2180 3949 2304 4049 simus

257 4088 331 4158 qua
354 4065 496 4160 penitus
519 4062 622 4158 quasi
641 4060 833 4132 dissolutus
854 4061 900 4132 sit
923 4088 1113 4136 consensus
1136 4066 1250 4134 bono·
1302 4060 1341 4130 in
1358 4061 1467 4146 alios,
1494 4063 1616 4157 quales
1638 4063 1719 4134 illos
1735 4064 1774 4134 in
1795 4087 1861 4134 nos
1882 4069 2098 4159 experimur.
2149 4073 2301 4150 Deinde

257 4189 352 4236 rum.
409 4162 592 4262 ltaquc⁷¹)
608 4189 688 4234 cum
704 4187 724 4234 a
741 4164 884 4234 nemine
905 4166 1114 4252 adiuvetur,
1142 4166 1250 4258 signi·
1302 4164 1407 4256 plane
1427 4167 1574 4250 easdem,
1590 4165 1747 4236 rationes
1769 4167 1892 4253 affert,
1925 4195 2035 4265 quare
2059 4201 2140 4246 cum
2162 4175 2301 4252 Crasso

254 4267 342 4338 ‹ficat
361 4293 398 4339 se
420 4267 536 4340 solum
564 4268 770 4338 existentem
802 4267 924 4337 omnia
951 4270 1083 4342 frustra
1114 4269 1249 4354 conari,
1301 4266 1448 4336 redierit
1462 4267 1500 4336 in
1515 4267 1679 4359 gratiam.
1729 4269 1893 4344 Primum
1917 4269 2120 4350 hocfecisse
2134 4303 2170 4350 se
2185 4281 2238 4353 ait
2256 4285 2303 4356 in

199 4403 203 4414 ·
258 4395 325 4442 nec
354 4371 452 4440 aliud
484 4369 697 4465 quicquam,
745 4369 817 4442 nisi
855 4371 979 4444 odium
1010 4397 1048 4444 se
1079 4397 1249 4466 quaerere
1300 4368 1467 4461 Pompeii
1498 4383 1533 4440 et
1566 4369 1727 4442 Caesaris
1763 4375 1935 4464 gratiam
1986 4381 2114 4454 deinde
2142 4399 2302 4477 propter

257 4495 380 4566 posse,
406 4497 499 4569 quae
521 4473 567 4545 sit
589 4485 746 4542 extrema
772 4474 965 4548 dementia.
1010 4475 1165 4545 ·Recitat
1187 4500 1250 4546 au·
1301 4473 1499 4544 multorum
1527 4473 1722 4560 iuvidiam,
1758 4476 1916 4570 quinon
1940 4482 2089 4554 obscure
2114 4486 2300 4577 significa-

212 4667 214 4672 .
258 4587 331 4645 tem
345 4601 450 4649 suum
466 4590 501 4648 et
517 4576 671 4646 aliorum
688 4576 869 4669 exempla,
896 4601 988 4674 quae
1011 4579 1149 4649 confert
1167 4603 1247 4650 cum
1299 4573 1407 4659 bant,
1438 4575 1506 4644 sibl
1525 4601 1604 4646 eam
1628 4602 1704 4648 rem
1726 4581 1903 4672 V⁰¹t¹Ptati
1926 4607 2019 4669 ⁰⁸⁵⁶,
2049 4591 2147 4681 qss⁰d
2163 4591 2299 4664 Cicero

255 4748 464 4768 .......-.
913 4747 915 4752 ,
1302 4679 1385 4770 odio
1403 4677 1521 4750 Crassi
1542 4692 1577 4749 et
1598 4680 1789 4767 similium,
1825 4685 1887 4778 qui
1910 4702 2026 4759 essent
2044 4691 2083 4760 in
2095 4691 2296 4785 ‘republica

1300 4781 1556 4872 potentissimi,
1582 4797 1802 4873 gravaretur.

289 4845 340 4904 aa)
356 4855 390 4926 se
406 4841 548 4908 oponsius]
573 4841 615 4898 rto
637 4839 723 4894 rust
742 4839 953 4908 troo-tana
989 4843 1039 4897 Ed
1060 4843 1136 4898 toto.
1160 4857 1248 4910 appo·
1400 4883 1448 4952 D.
1573 4885 1581 4900 .
2208 4899 2218 4916 ,

323 4915 379 4964 „p
396 4926 438 4966 se.
1437 4898 1652 4976 rsputatrone
1692 4888 1855 4959 absoluta
1890 4892 1936 4962 de
1963 4917 2028 4965 sua
2059 4911 2297 4973 contentione

290 5014 342 5075 ss)
359 5014 388 5064 u
405 5013 468 5077 rege
484 5013 664 5075 perferenda]
687 5011 729 5062 ste
751 5009 916 5075 rs.1ass.;
947 5011 1032 5064 rust.
1053 5013 1246 5070 asos-sarr.
1298 5011 1360 5060 seu
1374 4987 1540 5058 libertate
1555 4989 1696 5082 penitus
1711 4990 1784 5060 iam
1808 5007 1991 5082 cunctata,
2024 5023 2096 5094 qua
2120 5001 2203 5072 ideo
2225 5029 2296 5076 vo-

323 5083 353 5134 te
368 5083 553 5148 praetereare
570 5081 642 5144 tere.
1295 5090 1364 5160 luit
1379 5089 1533 5183 amplius
1546 5094 1619 5176 uti,
1646 5091 1729 5186 quia
1747 5093 1894 5168 mirume
1915 5101 2105 5170 conveniat
2121 5129 2295 5196 praesen-

287 5187 339 5245 70)
354 5185 449 5251 Eurlp.
468 5185 551 5248 lptig.
570 5183 599 5232 ln
617 5181 679 5234 Aul.
697 5195 723 5230 v.
742 5181 803 5232 5⁰2.
822 5181 882 5231 soa.
903 5182 951 5232 Ed,
969 5183 1100 5236 aarum

658 5243 774 5312 mode
792 5243 828 5297 ov*
842 5248 932 5298 nasae·
948 5248 1058 5316 spansa*
1297 5192 1390 5263 tibus
1411 5193 1627 5285 reipublicae
1649 5197 1871 5287 temporibus
1892 5215 1928 5272 et
1950 5205 2184 5293 concordiae,
2226 5214 2295 5282 ad.

453 5319 577 5386 rossan,
597 5315 720 5384 χρῆσθαι
738 5317 972 5382 refraenasses
990 5313 1043 5370 etet.
1295 5294 1348 5362 dil
1364 5295 1436 5364 iam
1456 5294 1655 5387 epilogum,
1690 5299 1753 5393 qui
1772 5303 1932 5374 continet
1954 5308 2205 5400 repetitionem
2231 5337 2295 5383 ar-

281 5423 459 5487 tattoque]
477 5420 621 5476 norun.
639 5417 847 5483 roso-tara,
876 5421 928 5471 na.
948 5423 1023 5476 reas.
1041 5422 1169 5488 rasoque.
1244 5400 1249 5421 ¹
1293 5411 1565 5486 gumeutorum,
1592 5401 1741 5495 quaein
1764 5397 1833 5476 hac
1856 5431 1962 5480 causa
1985 5413 2293 5505 lueruntpraeci-
