<?xml version="1.0" encoding="UTF-8"?>
<!DOCTYPE html PUBLIC "-//W3C//DTD XHTML 1.0 Transitional//EN"
    "http://www.w3.org/TR/xhtml1/DTD/xhtml1-transitional.dtd">
<html xmlns="http://www.w3.org/1999/xhtml" xml:lang="en" lang="en">
 <head>
  <title>
</title>
<meta http-equiv="Content-Type" content="text/html;charset=utf-8" />
  <meta name='ocr-system' content='tesseract 3.04.00' />
  <meta name='ocr-capabilities' content='ocr_page ocr_carea ocr_par ocr_line ocrx_word'/>
</head>
<body>
  <div class='ocr_page' id='page_1' title='image "./corpusreformato16melagoog_0167.png"; bbox 0 0 4584 5796; ppageno 0'>
   <div class='ocr_carea' id='block_1_1' title="bbox 269 149 2258 252">
    <p class='ocr_par' dir='ltr' id='par_1_1' title="bbox 269 149 2258 252">
     <span class='ocr_line' id='line_1_1' title="bbox 269 149 2258 252; baseline 0.003 -23"><span class='ocrx_word' id='word_1_1' title='bbox 269 169 344 252; x_wconf 73' lang='lat'><strong>299</strong></span> <span class='ocrx_word' id='word_1_2' title='bbox 829 152 953 230; x_wconf 74' lang='lat' dir='ltr'><strong>esu.</strong></span> <span class='ocrx_word' id='word_1_3' title='bbox 986 151 1104 230; x_wconf 80' lang='lat' dir='ltr'><strong>um..</strong></span> <span class='ocrx_word' id='word_1_4' title='bbox 1133 149 1337 228; x_wconf 74' lang='lat' dir='ltr'><strong>senum</strong></span> <span class='ocrx_word' id='word_1_5' title='bbox 1368 151 1707 232; x_wconf 74' lang='lat' dir='ltr'><strong>annotantes</strong></span> <span class='ocrx_word' id='word_1_6' title='bbox 2199 167 2258 247; x_wconf 73' lang='lat' dir='ltr'><strong>aa</strong></span> 
     </span>
    </p>
   </div>
   <div class='ocr_carea' id='block_1_2' title="bbox 400 324 2263 916">
    <p class='ocr_par' dir='ltr' id='par_1_2' title="bbox 400 324 2263 916">
     <span class='ocr_line' id='line_1_2' title="bbox 400 324 2260 433; baseline -0.001 -21"><span class='ocrx_word' id='word_1_7' title='bbox 400 339 728 433; x_wconf 76' lang='lat' dir='ltr'><strong>Argumentum</strong></span> <span class='ocrx_word' id='word_1_8' title='bbox 757 329 987 424; x_wconf 88' lang='lat' dir='ltr'><strong>epistolae</strong></span> <span class='ocrx_word' id='word_1_9' title='bbox 1013 324 1141 426; x_wconf 71' lang='lat' dir='ltr'><strong>w).</strong></span> <span class='ocrx_word' id='word_1_10' title='bbox 1316 327 1505 426; x_wconf 70' lang='lat' dir='ltr'><strong>aliquoties</strong></span> <span class='ocrx_word' id='word_1_11' title='bbox 1520 329 1673 425; x_wconf 88' lang='lat' dir='ltr'><strong>petierat</strong></span> <span class='ocrx_word' id='word_1_12' title='bbox 1688 329 1889 404; x_wconf 86' lang='lat' dir='ltr'><strong>Dolabella.</strong></span> <span class='ocrx_word' id='word_1_13' title='bbox 1945 327 2093 406; x_wconf 77' lang='lat' dir='ltr'><strong>Entnsat</strong></span> <span class='ocrx_word' id='word_1_14' title='bbox 2110 332 2215 432; x_wconf 86' lang='lat' dir='ltr'><strong>itaque</strong></span> <span class='ocrx_word' id='word_1_15' title='bbox 2232 339 2260 410; x_wconf 88' lang='lat' dir='ltr'><strong>ir</strong></span> 
     </span>
     <span class='ocr_line' id='line_1_3' title="bbox 1316 433 2262 529; baseline 0.01 -27"><span class='ocrx_word' id='word_1_16' title='bbox 1316 433 1537 520; x_wconf 73' lang='lat' dir='ltr'><strong>narratione,</strong></span> <span class='ocrx_word' id='word_1_17' title='bbox 1562 456 1675 529; x_wconf 88' lang='lat' dir='ltr'><strong>qnare</strong></span> <span class='ocrx_word' id='word_1_18' title='bbox 1688 457 1765 504; x_wconf 87' lang='lat' dir='ltr'><strong>non</strong></span> <span class='ocrx_word' id='word_1_19' title='bbox 1781 434 1845 504; x_wconf 91' lang='lat' dir='ltr'><strong>diu</strong></span> <span class='ocrx_word' id='word_1_20' title='bbox 1859 457 1937 504; x_wconf 92' lang='lat' dir='ltr'><strong>eam</strong></span> <span class='ocrx_word' id='word_1_21' title='bbox 1952 435 2102 520; x_wconf 88' lang='lat' dir='ltr'><strong>miserit,</strong></span> <span class='ocrx_word' id='word_1_22' title='bbox 2125 451 2157 508; x_wconf 92' lang='lat' dir='ltr'><strong>et</strong></span> <span class='ocrx_word' id='word_1_23' title='bbox 2169 441 2262 526; x_wconf 70' lang='lat' dir='ltr'><strong>siml</strong></span> 
     </span>
     <span class='ocr_line' id='line_1_4' title="bbox 1317 532 2262 629; baseline 0.008 -24"><span class='ocrx_word' id='word_1_24' title='bbox 1317 547 1358 606; x_wconf 92' lang='lat' dir='ltr'><strong>ut</strong></span> <span class='ocrx_word' id='word_1_25' title='bbox 1377 535 1466 607; x_wconf 82' lang='lat' dir='ltr'><strong>vitet</strong></span> <span class='ocrx_word' id='word_1_26' title='bbox 1489 536 1752 628; x_wconf 74' lang='lat' dir='ltr'><strong>arrogantiam,</strong></span> <span class='ocrx_word' id='word_1_27' title='bbox 1785 532 1855 606; x_wconf 92' lang='lat' dir='ltr'><strong>boc</strong></span> <span class='ocrx_word' id='word_1_28' title='bbox 1876 559 1980 608; x_wconf 89' lang='lat' dir='ltr'><strong>snum</strong></span> <span class='ocrx_word' id='word_1_29' title='bbox 2001 537 2160 629; x_wconf 88' lang='lat' dir='ltr'><strong>scripturn</strong></span> <span class='ocrx_word' id='word_1_30' title='bbox 2176 545 2262 612; x_wconf 72' lang='lat' dir='ltr'><strong>mari</strong></span> 
     </span>
     <span class='ocr_line' id='line_1_5' title="bbox 1318 637 2263 730; baseline 0.006 -22"><span class='ocrx_word' id='word_1_31' title='bbox 1318 661 1464 730; x_wconf 90' lang='lat' dir='ltr'><strong>mopere</strong></span> <span class='ocrx_word' id='word_1_32' title='bbox 1477 651 1657 710; x_wconf 82' lang='lat' dir='ltr'><strong>extenuat.</strong></span> <span class='ocrx_word' id='word_1_33' title='bbox 1705 637 1895 710; x_wconf 72' lang='lat' dir='ltr'><strong>Conclusio</strong></span> <span class='ocrx_word' id='word_1_34' title='bbox 1911 639 2067 710; x_wconf 87' lang='lat' dir='ltr'><strong>eontinet</strong></span> <span class='ocrx_word' id='word_1_35' title='bbox 2078 641 2206 712; x_wconf 83' lang='lat' dir='ltr'><strong>brevem</strong></span> <span class='ocrx_word' id='word_1_36' title='bbox 2218 647 2263 714; x_wconf 88' lang='lat' dir='ltr'><strong>sd·</strong></span> 
     </span>
     <span class='ocr_line' id='line_1_6' title="bbox 1318 735 2263 816; baseline 0.007 -7"><span class='ocrx_word' id='word_1_37' title='bbox 1318 735 1563 811; x_wconf 87' lang='lat' dir='ltr'><strong>hortationem</strong></span> <span class='ocrx_word' id='word_1_38' title='bbox 1578 741 1625 812; x_wconf 90' lang='lat' dir='ltr'><strong>ad</strong></span> <span class='ocrx_word' id='word_1_39' title='bbox 1639 741 1879 814; x_wconf 69' lang='lat' dir='ltr'><strong>constantiam</strong></span> <span class='ocrx_word' id='word_1_40' title='bbox 1894 741 2004 812; x_wconf 88' lang='lat' dir='ltr'><strong>animi</strong></span> <span class='ocrx_word' id='word_1_41' title='bbox 2020 741 2221 814; x_wconf 83' lang='lat' dir='ltr'><strong>retinendam</strong></span> <span class='ocrx_word' id='word_1_42' title='bbox 2236 747 2263 816; x_wconf 90' lang='lat' dir='ltr'><strong>in</strong></span> 
     </span>
     <span class='ocr_line' id='line_1_7' title="bbox 1317 841 1621 916; baseline 0.016 -4"><span class='ocrx_word' id='word_1_43' title='bbox 1317 841 1425 915; x_wconf 90' lang='lat' dir='ltr'><strong>rebus</strong></span> <span class='ocrx_word' id='word_1_44' title='bbox 1442 843 1621 916; x_wconf 90' lang='lat' dir='ltr'><strong>omnibus.</strong></span> 
     </span>
    </p>
   </div>
   <div class='ocr_carea' id='block_1_3' title="bbox 274 480 2063 1400">
    <p class='ocr_par' dir='ltr' id='par_1_3' title="bbox 274 480 2063 1400">
     <span class='ocr_line' id='line_1_8' title="bbox 374 480 1268 585; baseline -0.02 -17"><span class='ocrx_word' id='word_1_45' title='bbox 374 495 478 568; x_wconf 86' lang='lat' dir='ltr'><strong>llanc</strong></span> <span class='ocrx_word' id='word_1_46' title='bbox 506 487 693 585; x_wconf 91' lang='lat' dir='ltr'><strong>epistolam</strong></span> <span class='ocrx_word' id='word_1_47' title='bbox 718 497 869 578; x_wconf 90' lang='lat' dir='ltr'><strong>apparet</strong></span> <span class='ocrx_word' id='word_1_48' title='bbox 892 507 967 556; x_wconf 91' lang='lat' dir='ltr'><strong>esse</strong></span> <span class='ocrx_word' id='word_1_49' title='bbox 991 480 1161 576; x_wconf 83' lang='lat' dir='ltr'><strong>scriptam</strong></span> <span class='ocrx_word' id='word_1_50' title='bbox 1185 491 1268 575; x_wconf 90' lang='lat' dir='ltr'><strong>post</strong></span> 
     </span>
     <span class='ocr_line' id='line_1_9' title="bbox 275 581 1267 682; baseline -0.024 -6"><span class='ocrx_word' id='word_1_51' title='bbox 275 615 429 676; x_wconf 88' lang='lat' dir='ltr'><strong>mortem</strong></span> <span class='ocrx_word' id='word_1_52' title='bbox 441 594 602 676; x_wconf 84' lang='lat' dir='ltr'><strong>Tulliae,</strong></span> <span class='ocrx_word' id='word_1_53' title='bbox 627 588 719 662; x_wconf 87' lang='lat' dir='ltr'><strong>liliae</strong></span> <span class='ocrx_word' id='word_1_54' title='bbox 734 586 938 671; x_wconf 87' lang='lat' dir='ltr'><strong>Ciceronis,</strong></span> <span class='ocrx_word' id='word_1_55' title='bbox 964 609 1056 682; x_wconf 89' lang='lat' dir='ltr'><strong>quae</strong></span> <span class='ocrx_word' id='word_1_56' title='bbox 1068 597 1182 677; x_wconf 89' lang='lat' dir='ltr'><strong>nupta</strong></span> <span class='ocrx_word' id='word_1_57' title='bbox 1199 581 1267 654; x_wconf 82' lang='lat' dir='ltr'><strong>fuit</strong></span> 
     </span>
     <span class='ocr_line' id='line_1_10' title="bbox 274 685 1268 777; baseline -0.022 0"><span class='ocrx_word' id='word_1_58' title='bbox 274 701 496 777; x_wconf 86' lang='lat' dir='ltr'><strong>Dolabellae.</strong></span> <span class='ocrx_word' id='word_1_59' title='bbox 563 693 628 764; x_wconf 85' lang='lat' dir='ltr'><strong>Est</strong></span> <span class='ocrx_word' id='word_1_60' title='bbox 659 703 778 764; x_wconf 89' lang='lat' dir='ltr'><strong>autem</strong></span> <span class='ocrx_word' id='word_1_61' title='bbox 813 687 1046 762; x_wconf 89' lang='lat' dir='ltr'><strong>excusatoria.</strong></span> <span class='ocrx_word' id='word_1_62' title='bbox 1113 685 1268 772; x_wconf 87' lang='lat' dir='ltr'><strong>Excusat</strong></span> 
     </span>
     <span class='ocr_line' id='line_1_11' title="bbox 277 790 1268 890; baseline -0.025 -10"><span class='ocrx_word' id='word_1_63' title='bbox 277 807 374 880; x_wconf 90' lang='lat' dir='ltr'><strong>enim</strong></span> <span class='ocrx_word' id='word_1_64' title='bbox 387 799 568 877; x_wconf 87' lang='lat' dir='ltr'><strong>silentium</strong></span> <span class='ocrx_word' id='word_1_65' title='bbox 581 817 706 878; x_wconf 89' lang='lat' dir='ltr'><strong>suum,</strong></span> <span class='ocrx_word' id='word_1_66' title='bbox 730 795 828 890; x_wconf 89' lang='lat' dir='ltr'><strong>quod</strong></span> <span class='ocrx_word' id='word_1_67' title='bbox 844 790 1011 862; x_wconf 81' lang='lat' dir='ltr'><strong>videlicet</strong></span> <span class='ocrx_word' id='word_1_68' title='bbox 1027 801 1175 884; x_wconf 89' lang='lat' dir='ltr'><strong>propter</strong></span> <span class='ocrx_word' id='word_1_69' title='bbox 1192 811 1268 860; x_wconf 89' lang='lat' dir='ltr'><strong>ma·</strong></span> 
     </span>
     <span class='ocr_line' id='line_1_12' title="bbox 277 887 1268 1004; baseline -0.024 -23"><span class='ocrx_word' id='word_1_70' title='bbox 277 907 499 1004; x_wconf 86' lang='lat' dir='ltr'><strong>gnitudinem</strong></span> <span class='ocrx_word' id='word_1_71' title='bbox 514 897 671 981; x_wconf 90' lang='lat' dir='ltr'><strong>doloris,</strong></span> <span class='ocrx_word' id='word_1_72' title='bbox 697 921 804 992; x_wconf 92' lang='lat' dir='ltr'><strong>quem</strong></span> <span class='ocrx_word' id='word_1_73' title='bbox 823 919 867 966; x_wconf 90' lang='lat' dir='ltr'><strong>ex</strong></span> <span class='ocrx_word' id='word_1_74' title='bbox 887 892 987 964; x_wconf 89' lang='lat' dir='ltr'><strong>obitu</strong></span> <span class='ocrx_word' id='word_1_75' title='bbox 1007 890 1100 962; x_wconf 88' lang='lat' dir='ltr'><strong>liliae</strong></span> <span class='ocrx_word' id='word_1_76' title='bbox 1121 887 1268 984; x_wconf 89' lang='lat' dir='ltr'><strong>accepit,</strong></span> 
     </span>
     <span class='ocr_line' id='line_1_13' title="bbox 277 989 2063 1120; baseline -0.023 -36"><span class='ocrx_word' id='word_1_77' title='bbox 277 1037 353 1084; x_wconf 88' lang='lat' dir='ltr'><strong>nou</strong></span> <span class='ocrx_word' id='word_1_78' title='bbox 374 1003 534 1103; x_wconf 88' lang='lat' dir='ltr'><strong>potuerit</strong></span> <span class='ocrx_word' id='word_1_79' title='bbox 553 996 726 1072; x_wconf 90' lang='lat' dir='ltr'><strong>hactenus</strong></span> <span class='ocrx_word' id='word_1_80' title='bbox 749 998 942 1095; x_wconf 89' lang='lat' dir='ltr'><strong>quicquam</strong></span> <span class='ocrx_word' id='word_1_81' title='bbox 965 993 1131 1066; x_wconf 88' lang='lat' dir='ltr'><strong>scribere.</strong></span> <span class='ocrx_word' id='word_1_82' title='bbox 1188 989 1268 1062; x_wconf 88' lang='lat' dir='ltr'><strong>Mo·</strong></span> <span class='ocrx_word' id='word_1_83' title='bbox 1560 1025 1699 1098; x_wconf 66' lang='lat' dir='ltr'>Aliud</span> <span class='ocrx_word' id='word_1_84' title='bbox 1732 1039 2063 1120; x_wconf 51' lang='lat' dir='ltr'><strong>argumentum·</strong></span> 
     </span>
     <span class='ocr_line' id='line_1_14' title="bbox 277 1099 1269 1206; baseline -0.025 -20"><span class='ocrx_word' id='word_1_85' title='bbox 277 1127 340 1206; x_wconf 82' lang='lat' dir='ltr'><strong>pet</strong></span> <span class='ocrx_word' id='word_1_86' title='bbox 357 1113 441 1183; x_wconf 90' lang='lat' dir='ltr'><strong>item</strong></span> <span class='ocrx_word' id='word_1_87' title='bbox 459 1110 503 1178; x_wconf 91' lang='lat' dir='ltr'><strong>dc</strong></span> <span class='ocrx_word' id='word_1_88' title='bbox 518 1127 583 1176; x_wconf 91' lang='lat' dir='ltr'><strong>suo</strong></span> <span class='ocrx_word' id='word_1_89' title='bbox 599 1104 767 1173; x_wconf 85' lang='lat' dir='ltr'><strong>adventu.</strong></span> <span class='ocrx_word' id='word_1_90' title='bbox 818 1101 911 1171; x_wconf 87' lang='lat' dir='ltr'><strong>Sunt</strong></span> <span class='ocrx_word' id='word_1_91' title='bbox 931 1099 1050 1192; x_wconf 92' lang='lat' dir='ltr'><strong>itaque</strong></span> <span class='ocrx_word' id='word_1_92' title='bbox 1073 1099 1165 1167; x_wconf 88' lang='lat' dir='ltr'><strong>duae</strong></span> <span class='ocrx_word' id='word_1_93' title='bbox 1187 1117 1269 1187; x_wconf 88' lang='lat' dir='ltr'><strong>par·</strong></span> 
     </span>
     <span class='ocr_line' id='line_1_15' title="bbox 278 1198 1252 1302; baseline -0.023 -14"><span class='ocrx_word' id='word_1_94' title='bbox 278 1233 331 1290; x_wconf 90' lang='lat' dir='ltr'><strong>tes</strong></span> <span class='ocrx_word' id='word_1_95' title='bbox 343 1211 451 1285; x_wconf 89' lang='lat' dir='ltr'><strong>huius</strong></span> <span class='ocrx_word' id='word_1_96' title='bbox 468 1205 649 1302; x_wconf 86' lang='lat' dir='ltr'><strong>epistolae.</strong></span> <span class='ocrx_word' id='word_1_97' title='bbox 693 1202 877 1296; x_wconf 87' lang='lat' dir='ltr'><strong>Principio</strong></span> <span class='ocrx_word' id='word_1_98' title='bbox 892 1198 1038 1294; x_wconf 83' lang='lat' dir='ltr'><strong>exponit</strong></span> <span class='ocrx_word' id='word_1_99' title='bbox 1050 1222 1156 1269; x_wconf 87' lang='lat' dir='ltr'><strong>suurn</strong></span> <span class='ocrx_word' id='word_1_100' title='bbox 1171 1219 1252 1268; x_wconf 89' lang='lat' dir='ltr'><strong>moe</strong></span> 
     </span>
     <span class='ocr_line' id='line_1_16' title="bbox 277 1297 1252 1400; baseline -0.027 -8"><span class='ocrx_word' id='word_1_101' title='bbox 277 1341 421 1400; x_wconf 91' lang='lat' dir='ltr'><strong>rorem,</strong></span> <span class='ocrx_word' id='word_1_102' title='bbox 447 1325 483 1382; x_wconf 94' lang='lat' dir='ltr'><strong>et</strong></span> <span class='ocrx_word' id='word_1_103' title='bbox 498 1306 605 1380; x_wconf 88' lang='lat' dir='ltr'><strong>simul</strong></span> <span class='ocrx_word' id='word_1_104' title='bbox 620 1319 743 1378; x_wconf 90' lang='lat' dir='ltr'><strong>monet</strong></span> <span class='ocrx_word' id='word_1_105' title='bbox 758 1330 795 1378; x_wconf 87' lang='lat' dir='ltr'><strong>se</strong></span> <span class='ocrx_word' id='word_1_106' title='bbox 809 1303 911 1375; x_wconf 87' lang='lat' dir='ltr'><strong>brevi</strong></span> <span class='ocrx_word' id='word_1_107' title='bbox 926 1313 1117 1372; x_wconf 86' lang='lat' dir='ltr'><strong>venturum</strong></span> <span class='ocrx_word' id='word_1_108' title='bbox 1134 1301 1179 1370; x_wconf 93' lang='lat' dir='ltr'><strong>ad</strong></span> <span class='ocrx_word' id='word_1_109' title='bbox 1195 1297 1252 1368; x_wconf 92' lang='lat' dir='ltr'><strong>Do</strong></span> 
     </span>
    </p>
   </div>
   <div class='ocr_carea' id='block_1_4' title="bbox 1254 1149 2265 1358">
    <p class='ocr_par' dir='ltr' id='par_1_4' title="bbox 1254 1149 2265 1358">
     <span class='ocr_line' id='line_1_17' title="bbox 1254 1149 2264 1257; baseline 0.008 -27"><span class='ocrx_word' id='word_1_110' title='bbox 1254 1239 1269 1250; x_wconf 52' lang='grc'><strong>,</strong></span> <span class='ocrx_word' id='word_1_111' title='bbox 1421 1159 1664 1254; x_wconf 83' lang='lat' dir='ltr'><strong>Responsoria</strong></span> <span class='ocrx_word' id='word_1_112' title='bbox 1689 1174 1743 1234; x_wconf 90' lang='lat' dir='ltr'><strong>est</strong></span> <span class='ocrx_word' id='word_1_113' title='bbox 1765 1164 1812 1232; x_wconf 94' lang='lat' dir='ltr'><strong>ad</strong></span> <span class='ocrx_word' id='word_1_114' title='bbox 1833 1149 2021 1257; x_wconf 90' lang='lat' dir='ltr'><strong>epistolam</strong></span> <span class='ocrx_word' id='word_1_115' title='bbox 2036 1163 2223 1237; x_wconf 89' lang='lat' dir='ltr'><strong>Dolabellae</strong></span> <span class='ocrx_word' id='word_1_116' title='bbox 2234 1169 2264 1238; x_wconf 90' lang='lat' dir='ltr'><strong>de</strong></span> 
     </span>
     <span class='ocr_line' id='line_1_18' title="bbox 1254 1261 2265 1358; baseline 0.007 -27"><span class='ocrx_word' id='word_1_117' title='bbox 1254 1341 1269 1353; x_wconf 40' lang='lat'><em>⁶</em></span> <span class='ocrx_word' id='word_1_118' title='bbox 1319 1261 1417 1333; x_wconf 89' lang='lat' dir='ltr'><strong>Baiis</strong></span> <span class='ocrx_word' id='word_1_119' title='bbox 1441 1266 1541 1334; x_wconf 90' lang='lat' dir='ltr'><strong>etde</strong></span> <span class='ocrx_word' id='word_1_120' title='bbox 1563 1287 1626 1336; x_wconf 88' lang='lat' dir='ltr'><strong>sua</strong></span> <span class='ocrx_word' id='word_1_121' title='bbox 1651 1263 1815 1336; x_wconf 90' lang='lat' dir='ltr'><strong>oratione</strong></span> <span class='ocrx_word' id='word_1_122' title='bbox 1837 1289 1906 1358; x_wconf 89' lang='lat' dir='ltr'><strong>pro</strong></span> <span class='ocrx_word' id='word_1_123' title='bbox 1923 1263 2105 1339; x_wconf 88' lang='lat' dir='ltr'><strong>Deiotaro.</strong></span> <span class='ocrx_word' id='word_1_124' title='bbox 2152 1267 2265 1338; x_wconf 87' lang='lat' dir='ltr'><strong>Constat</strong></span> 
     </span>
    </p>
   </div>
   <div class='ocr_carea' id='block_1_5' title="bbox 229 1365 2265 1598">
    <p class='ocr_par' dir='ltr' id='par_1_5' title="bbox 229 1365 2265 1598">
     <span class='ocr_line' id='line_1_19' title="bbox 229 1365 2265 1538; baseline -0.028 -44"><span class='ocrx_word' id='word_1_125' title='bbox 229 1437 234 1448; x_wconf 92' lang='lat'>&#39;</span> <span class='ocrx_word' id='word_1_126' title='bbox 278 1420 457 1493; x_wconf 89' lang='lat' dir='ltr'><strong>labellam.</strong></span> <span class='ocrx_word' id='word_1_127' title='bbox 509 1410 647 1481; x_wconf 87' lang='lat' dir='ltr'><strong>Deinde</strong></span> <span class='ocrx_word' id='word_1_128' title='bbox 662 1408 836 1504; x_wconf 86' lang='lat' dir='ltr'><strong>significat</strong></span> <span class='ocrx_word' id='word_1_129' title='bbox 850 1429 915 1500; x_wconf 91' lang='lat' dir='ltr'><strong>per</strong></span> <span class='ocrx_word' id='word_1_130' title='bbox 937 1405 1119 1500; x_wconf 90' lang='lat' dir='ltr'><strong>quandam</strong></span> <span class='ocrx_word' id='word_1_131' title='bbox 1138 1401 1270 1494; x_wconf 88' lang='lat' dir='ltr'><strong>gratia-</strong></span> <span class='ocrx_word' id='word_1_132' title='bbox 1320 1365 1441 1538; x_wconf 44' lang='lat' dir='ltr'><strong>{milui</strong></span> <span class='ocrx_word' id='word_1_133' title='bbox 1471 1367 1609 1486; x_wconf 59' lang='lat' dir='ltr'><strong>dlliblss</strong></span> <span class='ocrx_word' id='word_1_134' title='bbox 1638 1367 1807 1486; x_wconf 64' lang='lat' dir='ltr'><strong>¹)thth</strong></span> <span class='ocrx_word' id='word_1_135' title='bbox 1838 1369 2113 1488; x_wconf 61' lang='lat' dir='ltr'><strong>narrationibus,</strong></span> <span class='ocrx_word' id='word_1_136' title='bbox 2175 1371 2265 1490; x_wconf 69' lang='lat' dir='ltr'><strong>Altera</strong></span> 
     </span>
     <span class='ocr_line' id='line_1_20' title="bbox 278 1469 2265 1598; baseline -0.014 -32"><span class='ocrx_word' id='word_1_137' title='bbox 278 1549 360 1594; x_wconf 70' lang='lat' dir='ltr'><strong>mm</strong></span> <span class='ocrx_word' id='word_1_138' title='bbox 379 1517 575 1598; x_wconf 48' lang='lat' dir='ltr'><strong>actionem,</strong></span> <span class='ocrx_word' id='word_1_139' title='bbox 599 1509 668 1584; x_wconf 61' lang='lat' dir='ltr'><strong>sibi</strong></span> <span class='ocrx_word' id='word_1_140' title='bbox 692 1511 886 1581; x_wconf 58' lang='lat' dir='ltr'><strong>admodum</strong></span> <span class='ocrx_word' id='word_1_141' title='bbox 910 1529 984 1578; x_wconf 49' lang='grc' dir='ltr'><strong>οδω</strong></span> <span class='ocrx_word' id='word_1_142' title='bbox 1007 1517 1146 1598; x_wconf 55' lang='lat' dir='ltr'><strong>gratam</strong></span> <span class='ocrx_word' id='word_1_143' title='bbox 1169 1503 1269 1573; x_wconf 64' lang='lat' dir='ltr'><strong>fflam</strong></span> <span class='ocrx_word' id='word_1_144' title='bbox 1347 1469 1427 1537; x_wconf 89' lang='lat' dir='ltr'><strong>abet</strong></span> <span class='ocrx_word' id='word_1_145' title='bbox 1441 1469 1604 1538; x_wconf 70' lang='lat' dir='ltr'><strong>festivam</strong></span> <span class='ocrx_word' id='word_1_146' title='bbox 1620 1469 1896 1560; x_wconf 88' lang='lat' dir='ltr'><strong>gratulat1onem</strong></span> <span class='ocrx_word' id='word_1_147' title='bbox 1913 1471 1957 1540; x_wconf 92' lang='lat' dir='ltr'><strong>de</strong></span> <span class='ocrx_word' id='word_1_148' title='bbox 1980 1469 2177 1542; x_wconf 69' lang='lat' dir='ltr'><strong>salubritate</strong></span> <span class='ocrx_word' id='word_1_149' title='bbox 2189 1471 2265 1540; x_wconf 84' lang='lat' dir='ltr'><strong>Bau·</strong></span> 
     </span>
    </p>
   </div>
   <div class='ocr_carea' id='block_1_6' title="bbox 201 1569 2267 1824">
    <p class='ocr_par' dir='ltr' id='par_1_6' title="bbox 201 1569 2267 1824">
     <span class='ocr_line' id='line_1_21' title="bbox 282 1569 2266 1702; baseline -0.023 -6"><span class='ocrx_word' id='word_1_150' title='bbox 282 1623 525 1696; x_wconf 80' lang='lat' dir='ltr'><strong>defensionem</strong></span> <span class='ocrx_word' id='word_1_151' title='bbox 549 1627 672 1685; x_wconf 88' lang='lat' dir='ltr'><strong>contra</strong></span> <span class='ocrx_word' id='word_1_152' title='bbox 698 1611 994 1696; x_wconf 89' lang='lat' dir='ltr'><strong>obtrectationes,</strong></span> <span class='ocrx_word' id='word_1_153' title='bbox 1023 1621 1062 1678; x_wconf 87' lang='lat' dir='ltr'><strong>et</strong></span> <span class='ocrx_word' id='word_1_154' title='bbox 1079 1618 1203 1702; x_wconf 90' lang='lat' dir='ltr'><strong>rogat,</strong></span> <span class='ocrx_word' id='word_1_155' title='bbox 1229 1615 1271 1675; x_wconf 86' lang='lat' dir='ltr'><strong>ut</strong></span> <span class='ocrx_word' id='word_1_156' title='bbox 1320 1593 1423 1656; x_wconf 67' lang='lat'>“¹¹⁰²</span> <span class='ocrx_word' id='word_1_157' title='bbox 1463 1593 1555 1690; x_wconf 63' lang='lat' dir='ltr'><strong>‘lui‘</strong></span> <span class='ocrx_word' id='word_1_158' title='bbox 1579 1569 1612 1690; x_wconf 57' lang='lat' dir='ltr'><strong>{l</strong></span> <span class='ocrx_word' id='word_1_159' title='bbox 1635 1570 1831 1694; x_wconf 53' lang='lat' dir='ltr'><strong>Plurimum</strong></span> <span class='ocrx_word' id='word_1_160' title='bbox 1853 1572 2065 1664; x_wconf 60' lang='lat' dir='ltr'><strong>P¹⁰l¹¹⁸ri¹¹t</strong></span> <span class='ocrx_word' id='word_1_161' title='bbox 2118 1572 2222 1643; x_wconf 67' lang='lat' dir='ltr'><strong>Altera</strong></span> <span class='ocrx_word' id='word_1_162' title='bbox 2238 1577 2266 1642; x_wconf 80' lang='lat' dir='ltr'><strong>dt</strong></span> 
     </span>
     <span class='ocr_line' id='line_1_22' title="bbox 201 1675 2267 1824; baseline -0.028 -42"><span class='ocrx_word' id='word_1_163' title='bbox 201 1751 211 1764; x_wconf 73' lang='lat'><strong><em>¹</em></strong></span> <span class='ocrx_word' id='word_1_164' title='bbox 279 1737 405 1824; x_wconf 60' lang='lat' dir='ltr'><strong>pergat</strong></span> <span class='ocrx_word' id='word_1_165' title='bbox 423 1724 461 1792; x_wconf 77' lang='lat' dir='ltr'><strong>in</strong></span> <span class='ocrx_word' id='word_1_166' title='bbox 477 1720 539 1790; x_wconf 69' lang='lat'>1110</span> <span class='ocrx_word' id='word_1_167' title='bbox 554 1739 689 1788; x_wconf 58' lang='lat' dir='ltr'>amore,</span> <span class='ocrx_word' id='word_1_168' title='bbox 1321 1697 1383 1744; x_wconf 75' lang='lat' dir='ltr'><strong>etta</strong></span> <span class='ocrx_word' id='word_1_169' title='bbox 1401 1686 1565 1743; x_wconf 83' lang='lat' dir='ltr'><strong>orattone</strong></span> <span class='ocrx_word' id='word_1_170' title='bbox 1586 1697 1657 1742; x_wconf 82' lang='lat' dir='ltr'><strong>tam</strong></span> <span class='ocrx_word' id='word_1_171' title='bbox 1683 1697 1812 1758; x_wconf 83' lang='lat' dir='ltr'><strong>mlssa,</strong></span> <span class='ocrx_word' id='word_1_172' title='bbox 1846 1699 1955 1768; x_wconf 85' lang='lat' dir='ltr'><strong>quarn</strong></span> <span class='ocrx_word' id='word_1_173' title='bbox 1981 1675 2194 1745; x_wconf 58' lang='lat' dir='ltr'><strong>commendat</strong></span> <span class='ocrx_word' id='word_1_174' title='bbox 2212 1677 2267 1744; x_wconf 86' lang='lat' dir='ltr'><strong>btt-</strong></span> 
     </span>
    </p>
   </div>
   <div class='ocr_carea' id='block_1_7' title="bbox 527 1775 2266 1978">
    <p class='ocr_par' dir='ltr' id='par_1_7' title="bbox 527 1775 2266 1978">
     <span class='ocr_line' id='line_1_23' title="bbox 1321 1775 2266 1867; baseline 0.001 -23"><span class='ocrx_word' id='word_1_175' title='bbox 1321 1775 1414 1845; x_wconf 91' lang='lat' dir='ltr'><strong>viter</strong></span> <span class='ocrx_word' id='word_1_176' title='bbox 1434 1799 1499 1867; x_wconf 93' lang='lat' dir='ltr'><strong>per</strong></span> <span class='ocrx_word' id='word_1_177' title='bbox 1522 1775 1824 1848; x_wconf 81' lang='lat' dir='ltr'><strong>extenuationem.</strong></span> <span class='ocrx_word' id='word_1_178' title='bbox 1874 1776 1940 1848; x_wconf 86' lang='lat' dir='ltr'><strong>llis</strong></span> <span class='ocrx_word' id='word_1_179' title='bbox 1960 1776 2210 1847; x_wconf 85' lang='lat' dir='ltr'><strong>narrationibus</strong></span> <span class='ocrx_word' id='word_1_180' title='bbox 2227 1779 2266 1845; x_wconf 87' lang='lat' dir='ltr'><strong>ad·</strong></span> 
     </span>
     <span class='ocr_line' id='line_1_24' title="bbox 527 1873 2265 1978; baseline -0.006 -21"><span class='ocrx_word' id='word_1_181' title='bbox 527 1885 665 1957; x_wconf 77' lang='lat' dir='ltr'><strong>Aliud</strong></span> <span class='ocrx_word' id='word_1_182' title='bbox 699 1893 1028 1978; x_wconf 82' lang='lat' dir='ltr'><strong>argumentum.</strong></span> <span class='ocrx_word' id='word_1_183' title='bbox 1321 1878 1419 1948; x_wconf 91' lang='lat' dir='ltr'><strong>ditur</strong></span> <span class='ocrx_word' id='word_1_184' title='bbox 1442 1873 1647 1948; x_wconf 83' lang='lat' dir='ltr'><strong>adhortatio</strong></span> <span class='ocrx_word' id='word_1_185' title='bbox 1681 1879 1727 1948; x_wconf 90' lang='lat' dir='ltr'><strong>ad</strong></span> <span class='ocrx_word' id='word_1_186' title='bbox 1755 1879 1994 1951; x_wconf 88' lang='lat' dir='ltr'><strong>constantiam</strong></span> <span class='ocrx_word' id='word_1_187' title='bbox 2024 1891 2188 1972; x_wconf 90' lang='lat' dir='ltr'><strong>perpetuo</strong></span> <span class='ocrx_word' id='word_1_188' title='bbox 2210 1879 2265 1948; x_wconf 74' lang='lat' dir='ltr'><strong>red</strong></span> 
     </span>
    </p>
   </div>
   <div class='ocr_carea' id='block_1_8' title="bbox 384 1982 1488 2122">
    <p class='ocr_par' dir='ltr' id='par_1_8' title="bbox 384 1982 1488 2122">
     <span class='ocr_line' id='line_1_25' title="bbox 384 1982 1488 2122; baseline -0.029 -22"><span class='ocrx_word' id='word_1_189' title='bbox 384 2022 539 2122; x_wconf 83' lang='lat' dir='ltr'><strong>Querela</strong></span> <span class='ocrx_word' id='word_1_190' title='bbox 563 2015 617 2092; x_wconf 72' lang='lat' dir='ltr'><strong>est</strong></span> <span class='ocrx_word' id='word_1_191' title='bbox 638 2020 682 2090; x_wconf 89' lang='lat' dir='ltr'><strong>dc</strong></span> <span class='ocrx_word' id='word_1_192' title='bbox 702 2015 949 2108; x_wconf 82' lang='lat' dir='ltr'><strong>magnitudine</strong></span> <span class='ocrx_word' id='word_1_193' title='bbox 970 2013 1126 2096; x_wconf 91' lang='lat' dir='ltr'><strong>doloris,</strong></span> <span class='ocrx_word' id='word_1_194' title='bbox 1162 2036 1269 2108; x_wconf 88' lang='lat' dir='ltr'><strong>quem</strong></span> <span class='ocrx_word' id='word_1_195' title='bbox 1321 1982 1488 2053; x_wconf 59' lang='lat' dir='ltr'><strong>flendam·</strong></span> 
     </span>
    </p>
   </div>
   <div class='ocr_carea' id='block_1_9' title="bbox 192 2113 2067 2922">
    <p class='ocr_par' dir='ltr' id='par_1_9' title="bbox 192 2113 2067 2922">
     <span class='ocr_line' id='line_1_26' title="bbox 282 2113 2067 2228; baseline -0.026 -19"><span class='ocrx_word' id='word_1_196' title='bbox 282 2133 378 2228; x_wconf 86' lang='lat' dir='ltr'><strong>cepit</strong></span> <span class='ocrx_word' id='word_1_197' title='bbox 393 2155 435 2202; x_wconf 80' lang='lat' dir='ltr'><strong>er</strong></span> <span class='ocrx_word' id='word_1_198' title='bbox 453 2127 553 2196; x_wconf 90' lang='lat' dir='ltr'><strong>obitu</strong></span> <span class='ocrx_word' id='word_1_199' title='bbox 569 2123 662 2192; x_wconf 86' lang='lat' dir='ltr'><strong>filiae</strong></span> <span class='ocrx_word' id='word_1_200' title='bbox 678 2119 901 2204; x_wconf 88' lang='lat' dir='ltr'><strong>carissimae,</strong></span> <span class='ocrx_word' id='word_1_201' title='bbox 935 2117 993 2188; x_wconf 93' lang='lat' dir='ltr'><strong>cui</strong></span> <span class='ocrx_word' id='word_1_202' title='bbox 1014 2116 1158 2186; x_wconf 87' lang='lat' dir='ltr'><strong>additur</strong></span> <span class='ocrx_word' id='word_1_203' title='bbox 1179 2113 1271 2183; x_wconf 89' lang='lat' dir='ltr'><strong>invi·</strong></span> <span class='ocrx_word' id='word_1_204' title='bbox 1567 2127 1711 2202; x_wconf 59' lang='lat' dir='ltr'>Aliud</span> <span class='ocrx_word' id='word_1_205' title='bbox 1738 2145 2067 2223; x_wconf 49' lang='lat' dir='ltr'><strong>argumentum·</strong></span> 
     </span>
     <span class='ocr_line' id='line_1_27' title="bbox 280 2217 1271 2323; baseline -0.024 -16"><span class='ocrx_word' id='word_1_206' title='bbox 280 2238 390 2321; x_wconf 90' lang='lat' dir='ltr'><strong>tatio,</strong></span> <span class='ocrx_word' id='word_1_207' title='bbox 416 2244 458 2304; x_wconf 87' lang='lat' dir='ltr'><strong>ut</strong></span> <span class='ocrx_word' id='word_1_208' title='bbox 474 2251 581 2323; x_wconf 90' lang='lat' dir='ltr'><strong>quam</strong></span> <span class='ocrx_word' id='word_1_209' title='bbox 599 2222 756 2318; x_wconf 88' lang='lat' dir='ltr'><strong>primum</strong></span> <span class='ocrx_word' id='word_1_210' title='bbox 770 2245 842 2292; x_wconf 91' lang='lat' dir='ltr'><strong>una</strong></span> <span class='ocrx_word' id='word_1_211' title='bbox 865 2245 937 2291; x_wconf 89' lang='lat' dir='ltr'><strong>esse</strong></span> <span class='ocrx_word' id='word_1_212' title='bbox 961 2218 1110 2314; x_wconf 90' lang='lat' dir='ltr'><strong>possint.</strong></span> <span class='ocrx_word' id='word_1_213' title='bbox 1160 2217 1271 2322; x_wconf 84' lang='lat' dir='ltr'><strong>Addi-</strong></span> 
     </span>
     <span class='ocr_line' id='line_1_28' title="bbox 283 2319 1271 2411; baseline -0.023 0"><span class='ocrx_word' id='word_1_214' title='bbox 283 2355 342 2411; x_wconf 92' lang='lat' dir='ltr'><strong>tur</strong></span> <span class='ocrx_word' id='word_1_215' title='bbox 357 2350 393 2407; x_wconf 90' lang='lat' dir='ltr'><strong>et</strong></span> <span class='ocrx_word' id='word_1_216' title='bbox 406 2327 580 2406; x_wconf 90' lang='lat' dir='ltr'><strong>sententia</strong></span> <span class='ocrx_word' id='word_1_217' title='bbox 598 2329 642 2397; x_wconf 91' lang='lat' dir='ltr'><strong>de</strong></span> <span class='ocrx_word' id='word_1_218' title='bbox 657 2325 776 2398; x_wconf 90' lang='lat' dir='ltr'><strong>studio</strong></span> <span class='ocrx_word' id='word_1_219' title='bbox 797 2348 860 2394; x_wconf 91' lang='lat' dir='ltr'><strong>scu</strong></span> <span class='ocrx_word' id='word_1_220' title='bbox 877 2323 993 2392; x_wconf 83' lang='lat' dir='ltr'><strong>officio</strong></span> <span class='ocrx_word' id='word_1_221' title='bbox 1008 2320 1215 2392; x_wconf 89' lang='lat' dir='ltr'><strong>Dolabellae</strong></span> <span class='ocrx_word' id='word_1_222' title='bbox 1232 2319 1271 2388; x_wconf 93' lang='lat' dir='ltr'><strong>in</strong></span> 
     </span>
     <span class='ocr_line' id='line_1_29' title="bbox 283 2417 1273 2516; baseline -0.025 -1"><span class='ocrx_word' id='word_1_223' title='bbox 283 2436 506 2516; x_wconf 79' lang='lat' dir='ltr'><strong>defendendo</strong></span> <span class='ocrx_word' id='word_1_224' title='bbox 531 2417 715 2501; x_wconf 71' lang='lat' dir='ltr'><strong>Cicerone.</strong></span> <span class='ocrx_word' id='word_1_225' title='bbox 780 2425 871 2498; x_wconf 90' lang='lat' dir='ltr'><strong>Sunt</strong></span> <span class='ocrx_word' id='word_1_226' title='bbox 890 2437 1009 2495; x_wconf 88' lang='lat' dir='ltr'><strong>autem</strong></span> <span class='ocrx_word' id='word_1_227' title='bbox 1033 2426 1124 2494; x_wconf 86' lang='lat' dir='ltr'><strong>duae</strong></span> <span class='ocrx_word' id='word_1_228' title='bbox 1146 2445 1273 2492; x_wconf 87' lang='lat' dir='ltr'><strong>narra·</strong></span> 
     </span>
     <span class='ocr_line' id='line_1_30' title="bbox 284 2525 1272 2624; baseline -0.025 -8"><span class='ocrx_word' id='word_1_229' title='bbox 284 2546 412 2615; x_wconf 90' lang='lat' dir='ltr'><strong>tiones.</strong></span> <span class='ocrx_word' id='word_1_230' title='bbox 463 2536 586 2605; x_wconf 80' lang='lat' dir='ltr'><strong>Altera</strong></span> <span class='ocrx_word' id='word_1_231' title='bbox 610 2533 654 2601; x_wconf 90' lang='lat' dir='ltr'><strong>dc</strong></span> <span class='ocrx_word' id='word_1_232' title='bbox 674 2543 826 2624; x_wconf 89' lang='lat' dir='ltr'><strong>paterno</strong></span> <span class='ocrx_word' id='word_1_233' title='bbox 850 2528 995 2607; x_wconf 89' lang='lat' dir='ltr'><strong>dolore;</strong></span> <span class='ocrx_word' id='word_1_234' title='bbox 1027 2527 1113 2596; x_wconf 91' lang='lat' dir='ltr'><strong>item</strong></span> <span class='ocrx_word' id='word_1_235' title='bbox 1137 2527 1182 2595; x_wconf 90' lang='lat' dir='ltr'><strong>dc</strong></span> <span class='ocrx_word' id='word_1_236' title='bbox 1210 2525 1272 2592; x_wconf 91' lang='lat' dir='ltr'><strong>ad·</strong></span> 
     </span>
     <span class='ocr_line' id='line_1_31' title="bbox 286 2625 1272 2730; baseline -0.019 -14"><span class='ocrx_word' id='word_1_237' title='bbox 286 2657 397 2718; x_wconf 81' lang='lat' dir='ltr'><strong>ventu</strong></span> <span class='ocrx_word' id='word_1_238' title='bbox 412 2638 612 2730; x_wconf 90' lang='lat' dir='ltr'><strong>utriusque,</strong></span> <span class='ocrx_word' id='word_1_239' title='bbox 636 2646 679 2704; x_wconf 93' lang='lat' dir='ltr'><strong>ut</strong></span> <span class='ocrx_word' id='word_1_240' title='bbox 690 2655 762 2704; x_wconf 93' lang='lat' dir='ltr'><strong>una</strong></span> <span class='ocrx_word' id='word_1_241' title='bbox 779 2629 936 2724; x_wconf 87' lang='lat' dir='ltr'><strong>colloqui</strong></span> <span class='ocrx_word' id='word_1_242' title='bbox 949 2625 1175 2700; x_wconf 82' lang='lat' dir='ltr'><strong>familiariter</strong></span> <span class='ocrx_word' id='word_1_243' title='bbox 1190 2651 1272 2720; x_wconf 91' lang='lat' dir='ltr'><strong>pos-</strong></span> 
     </span>
     <span class='ocr_line' id='line_1_32' title="bbox 192 2729 1272 2830; baseline -0.024 -7"><span class='ocrx_word' id='word_1_244' title='bbox 192 2813 206 2822; x_wconf 79' lang='grc'><strong><em>.</em></strong></span> <span class='ocrx_word' id='word_1_245' title='bbox 237 2788 239 2796; x_wconf 90' lang='grc'><strong><em>·</em></strong></span> <span class='ocrx_word' id='word_1_246' title='bbox 284 2749 377 2830; x_wconf 90' lang='lat' dir='ltr'><strong>sint,</strong></span> <span class='ocrx_word' id='word_1_247' title='bbox 408 2754 444 2814; x_wconf 91' lang='lat' dir='ltr'><strong>et</strong></span> <span class='ocrx_word' id='word_1_248' title='bbox 467 2740 559 2810; x_wconf 90' lang='lat' dir='ltr'><strong>alter</strong></span> <span class='ocrx_word' id='word_1_249' title='bbox 580 2737 731 2808; x_wconf 88' lang='lat' dir='ltr'><strong>alterum</strong></span> <span class='ocrx_word' id='word_1_250' title='bbox 759 2731 947 2806; x_wconf 87' lang='lat' dir='ltr'><strong>consolari.</strong></span> <span class='ocrx_word' id='word_1_251' title='bbox 1013 2729 1135 2802; x_wconf 85' lang='lat' dir='ltr'><strong>Altera</strong></span> <span class='ocrx_word' id='word_1_252' title='bbox 1153 2741 1206 2800; x_wconf 89' lang='lat' dir='ltr'><strong>cst</strong></span> <span class='ocrx_word' id='word_1_253' title='bbox 1227 2730 1272 2798; x_wconf 93' lang='lat' dir='ltr'><strong>de</strong></span> 
     </span>
     <span class='ocr_line' id='line_1_33' title="bbox 285 2830 1273 2922; baseline -0.02 0"><span class='ocrx_word' id='word_1_254' title='bbox 285 2837 706 2922; x_wconf 84' lang='lat' dir='ltr'><strong>defensioneDolabellae</strong></span> <span class='ocrx_word' id='word_1_255' title='bbox 722 2849 846 2908; x_wconf 86' lang='lat' dir='ltr'><strong>contra</strong></span> <span class='ocrx_word' id='word_1_256' title='bbox 861 2837 1129 2917; x_wconf 85' lang='lat' dir='ltr'><strong>obtrectatores,</strong></span> <span class='ocrx_word' id='word_1_257' title='bbox 1150 2830 1273 2904; x_wconf 86' lang='lat' dir='ltr'><strong>addita</strong></span> 
     </span>
    </p>
   </div>
   <div class='ocr_carea' id='block_1_10' title="bbox 284 2937 891 3024">
    <p class='ocr_par' dir='ltr' id='par_1_10' title="bbox 284 2937 891 3024">
     <span class='ocr_line' id='line_1_34' title="bbox 284 2937 891 3024; baseline -0.021 1"><span class='ocrx_word' id='word_1_258' title='bbox 284 2944 595 3024; x_wconf 87' lang='lat' dir='ltr'><strong>commendatione</strong></span> <span class='ocrx_word' id='word_1_259' title='bbox 608 2939 727 3012; x_wconf 88' lang='lat' dir='ltr'><strong>mutui</strong></span> <span class='ocrx_word' id='word_1_260' title='bbox 746 2937 891 3012; x_wconf 89' lang='lat' dir='ltr'><strong>amoris.</strong></span> 
     </span>
    </p>
   </div>
   <div class='ocr_carea' id='block_1_11' title="bbox 1322 2265 2268 2836">
    <p class='ocr_par' dir='ltr' id='par_1_11' title="bbox 1322 2265 2268 2836">
     <span class='ocr_line' id='line_1_35' title="bbox 1422 2265 2266 2362; baseline -0.004 -26"><span class='ocrx_word' id='word_1_261' title='bbox 1422 2265 1629 2358; x_wconf 88' lang='lat' dir='ltr'><strong>Propositio</strong></span> <span class='ocrx_word' id='word_1_262' title='bbox 1661 2267 1909 2359; x_wconf 87' lang='lat' dir='ltr'><strong>gratulatoria.</strong></span> <span class='ocrx_word' id='word_1_263' title='bbox 1988 2267 2150 2362; x_wconf 86' lang='lat' dir='ltr'><strong>Sequitur</strong></span> <span class='ocrx_word' id='word_1_264' title='bbox 2179 2287 2266 2334; x_wconf 86' lang='lat' dir='ltr'><strong>narra·</strong></span> 
     </span>
     <span class='ocr_line' id='line_1_36' title="bbox 1322 2364 2266 2462; baseline -0.002 -26"><span class='ocrx_word' id='word_1_265' title='bbox 1322 2364 1480 2438; x_wconf 87' lang='lat' dir='ltr'><strong>tiunenla</strong></span> <span class='ocrx_word' id='word_1_266' title='bbox 1514 2371 1559 2439; x_wconf 94' lang='lat' dir='ltr'><strong>de</strong></span> <span class='ocrx_word' id='word_1_267' title='bbox 1590 2370 1754 2440; x_wconf 90' lang='lat' dir='ltr'><strong>oratione</strong></span> <span class='ocrx_word' id='word_1_268' title='bbox 1777 2393 1844 2461; x_wconf 91' lang='lat' dir='ltr'><strong>pro</strong></span> <span class='ocrx_word' id='word_1_269' title='bbox 1866 2393 1953 2462; x_wconf 88' lang='lat' dir='ltr'><strong>rege</strong></span> <span class='ocrx_word' id='word_1_270' title='bbox 1971 2368 2159 2452; x_wconf 88' lang='lat' dir='ltr'><strong>Deiotaro,</strong></span> <span class='ocrx_word' id='word_1_271' title='bbox 2192 2389 2266 2460; x_wconf 88' lang='lat' dir='ltr'><strong>quan</strong></span> 
     </span>
     <span class='ocr_line' id='line_1_37' title="bbox 1322 2469 2266 2544; baseline -0.002 -6"><span class='ocrx_word' id='word_1_272' title='bbox 1322 2469 1434 2539; x_wconf 86' lang='lat' dir='ltr'><strong>mittit</strong></span> <span class='ocrx_word' id='word_1_273' title='bbox 1454 2469 1673 2542; x_wconf 87' lang='lat' dir='ltr'><strong>Dolabellae.</strong></span> <span class='ocrx_word' id='word_1_274' title='bbox 1735 2469 1926 2543; x_wconf 87' lang='lat' dir='ltr'><strong>interserta</strong></span> <span class='ocrx_word' id='word_1_275' title='bbox 1953 2485 2006 2544; x_wconf 91' lang='lat' dir='ltr'><strong>est</strong></span> <span class='ocrx_word' id='word_1_276' title='bbox 2027 2471 2211 2542; x_wconf 88' lang='lat' dir='ltr'><strong>extenuatio</strong></span> <span class='ocrx_word' id='word_1_277' title='bbox 2226 2469 2266 2536; x_wconf 90' lang='lat' dir='ltr'><strong>ad·</strong></span> 
     </span>
     <span class='ocr_line' id='line_1_38' title="bbox 1323 2572 2268 2664; baseline 0.001 -23"><span class='ocrx_word' id='word_1_278' title='bbox 1323 2573 1398 2641; x_wconf 91' lang='lat' dir='ltr'><strong>dito</strong></span> <span class='ocrx_word' id='word_1_279' title='bbox 1424 2572 1526 2657; x_wconf 91' lang='lat' dir='ltr'><strong>ioco,</strong></span> <span class='ocrx_word' id='word_1_280' title='bbox 1567 2574 1769 2646; x_wconf 90' lang='lat' dir='ltr'><strong>orationem</strong></span> <span class='ocrx_word' id='word_1_281' title='bbox 1800 2597 1880 2644; x_wconf 91' lang='lat' dir='ltr'><strong>eam</strong></span> <span class='ocrx_word' id='word_1_282' title='bbox 1901 2597 1979 2643; x_wconf 93' lang='lat' dir='ltr'><strong>non</strong></span> <span class='ocrx_word' id='word_1_283' title='bbox 1998 2597 2071 2644; x_wconf 87' lang='lat' dir='ltr'><strong>esse</strong></span> <span class='ocrx_word' id='word_1_284' title='bbox 2095 2591 2268 2664; x_wconf 75' lang='lat' dir='ltr'><strong>magnopere</strong></span> 
     </span>
     <span class='ocr_line' id='line_1_39' title="bbox 1324 2671 2268 2750; baseline -0.004 -6"><span class='ocrx_word' id='word_1_285' title='bbox 1324 2673 1587 2750; x_wconf 88' lang='lat' dir='ltr'><strong>admirandam.</strong></span> <span class='ocrx_word' id='word_1_286' title='bbox 1635 2671 1761 2746; x_wconf 82' lang='lat' dir='ltr'><strong>lnfine</strong></span> <span class='ocrx_word' id='word_1_287' title='bbox 1776 2689 1829 2748; x_wconf 88' lang='lat' dir='ltr'><strong>est</strong></span> <span class='ocrx_word' id='word_1_288' title='bbox 1848 2671 2167 2748; x_wconf 87' lang='lat' dir='ltr'><strong>adhortatinncnla.</strong></span> <span class='ocrx_word' id='word_1_289' title='bbox 2267 2711 2268 2740; x_wconf 47' lang='lat' dir='ltr'><strong>r</strong></span> 
     </span>
     <span class='ocr_line' id='line_1_40' title="bbox 2267 2791 2268 2836; baseline 0 0"><span class='ocrx_word' id='word_1_290' title='bbox 2267 2791 2268 2836; x_wconf 75' lang='lat' dir='ltr'><strong>t</strong></span> 
     </span>
    </p>
   </div>
   <div class='ocr_carea' id='block_1_12' title="bbox 1429 2874 2191 2972">
    <p class='ocr_par' dir='ltr' id='par_1_12' title="bbox 1429 2874 2191 2972">
     <span class='ocr_line' id='line_1_41' title="bbox 1429 2874 2191 2972; baseline 0 -24"><span class='ocrx_word' id='word_1_291' title='bbox 1429 2875 1753 2970; x_wconf 75' lang='lat' dir='ltr'><strong>Argumentum</strong></span> <span class='ocrx_word' id='word_1_292' title='bbox 1780 2877 2013 2971; x_wconf 82' lang='lat' dir='ltr'><strong>epistolae</strong></span> <span class='ocrx_word' id='word_1_293' title='bbox 2037 2874 2191 2972; x_wconf 66' lang='lat' dir='ltr'><strong>xfflfl).</strong></span> 
     </span>
    </p>
   </div>
   <div class='ocr_carea' id='block_1_13' title="bbox 530 3025 2267 3226">
    <p class='ocr_par' dir='ltr' id='par_1_13' title="bbox 530 3025 2267 3226">
     <span class='ocr_line' id='line_1_42' title="bbox 1425 3025 2267 3126; baseline -0.008 -26"><span class='ocrx_word' id='word_1_294' title='bbox 1425 3025 1650 3126; x_wconf 76' lang='lat' dir='ltr'><strong>Narratio&#39;)</strong></span> <span class='ocrx_word' id='word_1_295' title='bbox 1673 3039 1742 3112; x_wconf 88' lang='lat' dir='ltr'><strong>est,</strong></span> <span class='ocrx_word' id='word_1_296' title='bbox 1774 3051 1883 3122; x_wconf 89' lang='lat' dir='ltr'><strong>quam</strong></span> <span class='ocrx_word' id='word_1_297' title='bbox 1908 3027 2072 3124; x_wconf 91' lang='lat' dir='ltr'><strong>seqnitur</strong></span> <span class='ocrx_word' id='word_1_298' title='bbox 2088 3025 2267 3100; x_wconf 85' lang='lat' dir='ltr'><strong>commenda·</strong></span> 
     </span>
     <span class='ocr_line' id='line_1_43' title="bbox 530 3113 2253 3226; baseline -0.007 -19"><span class='ocrx_word' id='word_1_299' title='bbox 530 3113 666 3184; x_wconf 63' lang='lat' dir='ltr'><strong>Aliud</strong></span> <span class='ocrx_word' id='word_1_300' title='bbox 692 3135 771 3206; x_wconf 66' lang='lat' dir='ltr'><strong>”i</strong></span> <span class='ocrx_word' id='word_1_301' title='bbox 778 3121 1021 3181; x_wconf 64' lang='lat' dir='ltr'><strong>menium·</strong></span> <span class='ocrx_word' id='word_1_302' title='bbox 1324 3127 1398 3216; x_wconf 89' lang='lat' dir='ltr'><strong>tio,</strong></span> <span class='ocrx_word' id='word_1_303' title='bbox 1423 3142 1465 3200; x_wconf 95' lang='lat' dir='ltr'><strong>ut</strong></span> <span class='ocrx_word' id='word_1_304' title='bbox 1483 3130 1696 3226; x_wconf 88' lang='lat' dir='ltr'><strong>quibusdam</strong></span> <span class='ocrx_word' id='word_1_305' title='bbox 1712 3129 1926 3203; x_wconf 89' lang='lat' dir='ltr'><strong>calamitosis</strong></span> <span class='ocrx_word' id='word_1_306' title='bbox 1941 3133 2099 3204; x_wconf 90' lang='lat' dir='ltr'><strong>reditum</strong></span> <span class='ocrx_word' id='word_1_307' title='bbox 2115 3129 2253 3201; x_wconf 82' lang='lat' dir='ltr'><strong>conficiat</strong></span> 
     </span>
    </p>
   </div>
   <div class='ocr_carea' id='block_1_14' title="bbox 287 3239 1273 3440">
    <p class='ocr_par' dir='ltr' id='par_1_14' title="bbox 287 3239 1273 3440">
     <span class='ocr_line' id='line_1_44' title="bbox 383 3239 1273 3345; baseline -0.015 -19"><span class='ocrx_word' id='word_1_308' title='bbox 383 3250 613 3345; x_wconf 87' lang='lat' dir='ltr'><strong>Propositio,</strong></span> <span class='ocrx_word' id='word_1_309' title='bbox 655 3270 746 3342; x_wconf 90' lang='lat' dir='ltr'><strong>quae</strong></span> <span class='ocrx_word' id='word_1_310' title='bbox 769 3245 929 3316; x_wconf 90' lang='lat' dir='ltr'><strong>continet</strong></span> <span class='ocrx_word' id='word_1_311' title='bbox 948 3239 1073 3328; x_wconf 73' lang='grc' dir='ltr'><strong><em>πάθος</em></strong></span> <span class='ocrx_word' id='word_1_312' title='bbox 1096 3245 1139 3314; x_wconf 90' lang='lat' dir='ltr'><strong>de</strong></span> <span class='ocrx_word' id='word_1_313' title='bbox 1162 3245 1273 3316; x_wconf 86' lang='lat' dir='ltr'><strong>maxi-</strong></span> 
     </span>
     <span class='ocr_line' id='line_1_45' title="bbox 287 3346 1273 3440; baseline -0.014 -9"><span class='ocrx_word' id='word_1_314' title='bbox 287 3359 356 3430; x_wconf 89' lang='lat' dir='ltr'><strong>mis</strong></span> <span class='ocrx_word' id='word_1_315' title='bbox 377 3355 449 3428; x_wconf 90' lang='lat' dir='ltr'><strong>suis</strong></span> <span class='ocrx_word' id='word_1_316' title='bbox 472 3352 564 3424; x_wconf 87' lang='lat' dir='ltr'><strong>curis</strong></span> <span class='ocrx_word' id='word_1_317' title='bbox 584 3364 620 3421; x_wconf 88' lang='lat' dir='ltr'><strong>et</strong></span> <span class='ocrx_word' id='word_1_318' title='bbox 643 3346 845 3429; x_wconf 89' lang='lat' dir='ltr'><strong>doloribus,</strong></span> <span class='ocrx_word' id='word_1_319' title='bbox 884 3346 982 3440; x_wconf 90' lang='lat' dir='ltr'><strong>quod</strong></span> <span class='ocrx_word' id='word_1_320' title='bbox 1005 3347 1164 3416; x_wconf 85' lang='lat' dir='ltr'><strong>exclusus</strong></span> <span class='ocrx_word' id='word_1_321' title='bbox 1185 3360 1273 3434; x_wconf 92' lang='lat' dir='ltr'><strong>erat,</strong></span> 
     </span>
    </p>
   </div>
   <div class='ocr_carea' id='block_1_15' title="bbox 286 3314 2267 3548">
    <p class='ocr_par' dir='ltr' id='par_1_15' title="bbox 286 3314 2267 3548">
     <span class='ocr_line' id='line_1_46' title="bbox 1543 3314 2099 3414; baseline 0.007 -30"><span class='ocrx_word' id='word_1_322' title='bbox 1543 3314 1680 3386; x_wconf 79' lang='lat' dir='ltr'><strong>Aliud</strong></span> <span class='ocrx_word' id='word_1_323' title='bbox 1714 3315 2099 3414; x_wconf 76' lang='lat' dir='ltr'><strong>argumentum&#39;).</strong></span> 
     </span>
     <span class='ocr_line' id='line_1_47' title="bbox 286 3447 2267 3548; baseline -0.004 -18"><span class='ocrx_word' id='word_1_324' title='bbox 286 3485 333 3532; x_wconf 91' lang='lat' dir='ltr'><strong>ne</strong></span> <span class='ocrx_word' id='word_1_325' title='bbox 347 3459 497 3528; x_wconf 89' lang='lat' dir='ltr'><strong>intraret</strong></span> <span class='ocrx_word' id='word_1_326' title='bbox 516 3454 655 3524; x_wconf 92' lang='lat' dir='ltr'><strong>urbem.</strong></span> <span class='ocrx_word' id='word_1_327' title='bbox 706 3447 753 3520; x_wconf 86' lang='lat' dir='ltr'><strong>Et</strong></span> <span class='ocrx_word' id='word_1_328' title='bbox 776 3447 875 3516; x_wconf 90' lang='lat' dir='ltr'><strong>addit</strong></span> <span class='ocrx_word' id='word_1_329' title='bbox 897 3472 932 3518; x_wconf 90' lang='lat' dir='ltr'><strong>se</strong></span> <span class='ocrx_word' id='word_1_330' title='bbox 954 3447 1149 3539; x_wconf 90' lang='lat' dir='ltr'><strong>plurimum</strong></span> <span class='ocrx_word' id='word_1_331' title='bbox 1169 3473 1273 3541; x_wconf 88' lang='lat' dir='ltr'><strong>posse</strong></span> <span class='ocrx_word' id='word_1_332' title='bbox 1425 3447 1589 3544; x_wconf 87' lang='lat' dir='ltr'><strong>Epistola</strong></span> <span class='ocrx_word' id='word_1_333' title='bbox 1604 3462 1656 3522; x_wconf 92' lang='lat' dir='ltr'><strong>est</strong></span> <span class='ocrx_word' id='word_1_334' title='bbox 1676 3451 1995 3537; x_wconf 86' lang='lat' dir='ltr'><strong>commendaticia,</strong></span> <span class='ocrx_word' id='word_1_335' title='bbox 2028 3451 2067 3524; x_wconf 91' lang='lat' dir='ltr'><strong>in</strong></span> <span class='ocrx_word' id='word_1_336' title='bbox 2088 3475 2154 3548; x_wconf 91' lang='lat' dir='ltr'><strong>qua</strong></span> <span class='ocrx_word' id='word_1_337' title='bbox 2175 3449 2267 3544; x_wconf 75' lang='lat' dir='ltr'><strong>petiti</strong></span> 
     </span>
    </p>
   </div>
   <div class='ocr_carea' id='block_1_16' title="bbox 152 3548 2266 3650">
    <p class='ocr_par' dir='ltr' id='par_1_16' title="bbox 152 3548 2266 3650">
     <span class='ocr_line' id='line_1_48' title="bbox 152 3548 2266 3650; baseline -0.008 -15"><span class='ocrx_word' id='word_1_338' title='bbox 152 3573 155 3582; x_wconf 86' lang='lat'><em>&#39;</em></span> <span class='ocrx_word' id='word_1_339' title='bbox 287 3558 466 3634; x_wconf 90' lang='lat' dir='ltr'><strong>consolari</strong></span> <span class='ocrx_word' id='word_1_340' title='bbox 493 3552 694 3650; x_wconf 89' lang='lat' dir='ltr'><strong>praesentia</strong></span> <span class='ocrx_word' id='word_1_341' title='bbox 718 3550 939 3622; x_wconf 87' lang='lat' dir='ltr'><strong>Dolabellae.</strong></span> <span class='ocrx_word' id='word_1_342' title='bbox 1002 3548 1170 3644; x_wconf 86' lang='lat' dir='ltr'><strong>Sequitur</strong></span> <span class='ocrx_word' id='word_1_343' title='bbox 1196 3577 1273 3622; x_wconf 89' lang='lat' dir='ltr'><strong>cor·</strong></span> <span class='ocrx_word' id='word_1_344' title='bbox 1325 3551 1510 3623; x_wconf 90' lang='lat' dir='ltr'><strong>Dolabella</strong></span> <span class='ocrx_word' id='word_1_345' title='bbox 1528 3577 1679 3646; x_wconf 88' lang='lat' dir='ltr'><strong>genero,</strong></span> <span class='ocrx_word' id='word_1_346' title='bbox 1705 3567 1745 3624; x_wconf 89' lang='lat' dir='ltr'><strong>ut</strong></span> <span class='ocrx_word' id='word_1_347' title='bbox 1760 3580 1781 3625; x_wconf 91' lang='lat' dir='ltr'><strong>a</strong></span> <span class='ocrx_word' id='word_1_348' title='bbox 1798 3554 1948 3626; x_wconf 87' lang='lat' dir='ltr'><strong>Caesare</strong></span> <span class='ocrx_word' id='word_1_349' title='bbox 1972 3555 2126 3626; x_wconf 90' lang='lat' dir='ltr'><strong>reditum</strong></span> <span class='ocrx_word' id='word_1_350' title='bbox 2146 3553 2266 3646; x_wconf 71' lang='lat' dir='ltr'><strong>impetret</strong></span> 
     </span>
    </p>
   </div>
   <div class='ocr_carea' id='block_1_17' title="bbox 285 3651 2266 3956">
    <p class='ocr_par' dir='ltr' id='par_1_17' title="bbox 285 3651 2266 3956">
     <span class='ocr_line' id='line_1_49' title="bbox 286 3651 2266 3768; baseline -0.007 -32"><span class='ocrx_word' id='word_1_351' title='bbox 286 3662 421 3745; x_wconf 93' lang='lat' dir='ltr'><strong>rectio,</strong></span> <span class='ocrx_word' id='word_1_352' title='bbox 445 3684 482 3732; x_wconf 89' lang='lat' dir='ltr'><strong>se</strong></span> <span class='ocrx_word' id='word_1_353' title='bbox 505 3682 581 3732; x_wconf 86' lang='lat' dir='ltr'><strong>non</strong></span> <span class='ocrx_word' id='word_1_354' title='bbox 604 3657 643 3726; x_wconf 91' lang='lat' dir='ltr'><strong>in</strong></span> <span class='ocrx_word' id='word_1_355' title='bbox 666 3667 782 3725; x_wconf 91' lang='lat' dir='ltr'><strong>totum</strong></span> <span class='ocrx_word' id='word_1_356' title='bbox 805 3655 956 3724; x_wconf 82' lang='lat' dir='ltr'><strong>fractum</strong></span> <span class='ocrx_word' id='word_1_357' title='bbox 982 3675 1055 3726; x_wconf 87' lang='lat' dir='ltr'><strong>esse</strong></span> <span class='ocrx_word' id='word_1_358' title='bbox 1078 3651 1273 3728; x_wconf 88' lang='lat' dir='ltr'><strong>doloribus.</strong></span> <span class='ocrx_word' id='word_1_359' title='bbox 1324 3657 1463 3728; x_wconf 90' lang='lat' dir='ltr'><strong>duobus</strong></span> <span class='ocrx_word' id='word_1_360' title='bbox 1493 3655 1654 3742; x_wconf 90' lang='lat' dir='ltr'><strong>Calenis,</strong></span> <span class='ocrx_word' id='word_1_361' title='bbox 1696 3656 1758 3751; x_wconf 92' lang='lat' dir='ltr'><strong>qui</strong></span> <span class='ocrx_word' id='word_1_362' title='bbox 1789 3655 1956 3748; x_wconf 89' lang='lat' dir='ltr'><strong>Pompeii</strong></span> <span class='ocrx_word' id='word_1_363' title='bbox 1982 3657 2114 3728; x_wconf 90' lang='lat' dir='ltr'><strong>liberos</strong></span> <span class='ocrx_word' id='word_1_364' title='bbox 2129 3654 2172 3752; x_wconf 70' lang='lat'><strong>¹¹&#39;)</strong></span> <span class='ocrx_word' id='word_1_365' title='bbox 2195 3663 2266 3768; x_wconf 55' lang='lat' dir='ltr'><strong>secut</strong></span> 
     </span>
     <span class='ocr_line' id='line_1_50' title="bbox 285 3753 2266 3855; baseline -0.007 -17"><span class='ocrx_word' id='word_1_366' title='bbox 285 3764 328 3838; x_wconf 92' lang='lat' dir='ltr'><strong>ln</strong></span> <span class='ocrx_word' id='word_1_367' title='bbox 360 3767 431 3836; x_wconf 88' lang='lat' dir='ltr'><strong>line</strong></span> <span class='ocrx_word' id='word_1_368' title='bbox 461 3762 609 3855; x_wconf 89' lang='lat' dir='ltr'><strong>ponitur</strong></span> <span class='ocrx_word' id='word_1_369' title='bbox 643 3757 787 3852; x_wconf 92' lang='lat' dir='ltr'><strong>obliqua</strong></span> <span class='ocrx_word' id='word_1_370' title='bbox 820 3753 967 3848; x_wconf 91' lang='lat' dir='ltr'><strong>petitio,</strong></span> <span class='ocrx_word' id='word_1_371' title='bbox 1006 3767 1047 3826; x_wconf 90' lang='lat' dir='ltr'><strong>ut</strong></span> <span class='ocrx_word' id='word_1_372' title='bbox 1077 3770 1205 3848; x_wconf 84' lang='lat' dir='ltr'><strong>pergat</strong></span> <span class='ocrx_word' id='word_1_373' title='bbox 1235 3757 1273 3828; x_wconf 93' lang='lat' dir='ltr'><strong>in</strong></span> <span class='ocrx_word' id='word_1_374' title='bbox 1325 3770 1446 3842; x_wconf 88' lang='lat' dir='ltr'><strong>erant,</strong></span> <span class='ocrx_word' id='word_1_375' title='bbox 1487 3782 1507 3829; x_wconf 90' lang='lat' dir='ltr'><strong>a</strong></span> <span class='ocrx_word' id='word_1_376' title='bbox 1536 3757 1665 3852; x_wconf 88' lang='lat' dir='ltr'><strong>quibus</strong></span> <span class='ocrx_word' id='word_1_377' title='bbox 1688 3772 1768 3850; x_wconf 90' lang='lat' dir='ltr'><strong>post</strong></span> <span class='ocrx_word' id='word_1_378' title='bbox 1790 3758 1924 3828; x_wconf 88' lang='lat' dir='ltr'><strong>bellum</strong></span> <span class='ocrx_word' id='word_1_379' title='bbox 1951 3759 2111 3852; x_wconf 87' lang='lat' dir='ltr'><strong>sopitum</strong></span> <span class='ocrx_word' id='word_1_380' title='bbox 2132 3753 2266 3846; x_wconf 66' lang='lat' dir='ltr'><strong>denuoit</strong></span> 
     </span>
     <span class='ocr_line' id='line_1_51' title="bbox 286 3856 2266 3956; baseline -0.009 -15"><span class='ocrx_word' id='word_1_381' title='bbox 286 3891 409 3940; x_wconf 87' lang='lat' dir='ltr'><strong>amore</strong></span> <span class='ocrx_word' id='word_1_382' title='bbox 428 3877 568 3935; x_wconf 90' lang='lat' dir='ltr'><strong>mutuo.</strong></span> <span class='ocrx_word' id='word_1_383' title='bbox 618 3856 707 3930; x_wconf 88' lang='lat' dir='ltr'><strong>ltem</strong></span> <span class='ocrx_word' id='word_1_384' title='bbox 730 3857 1014 3928; x_wconf 84' lang='lat' dir='ltr'><strong>excusatiuncula</strong></span> <span class='ocrx_word' id='word_1_385' title='bbox 1036 3858 1081 3928; x_wconf 92' lang='lat' dir='ltr'><strong>de</strong></span> <span class='ocrx_word' id='word_1_386' title='bbox 1099 3857 1273 3932; x_wconf 90' lang='lat' dir='ltr'><strong>brevitate</strong></span> <span class='ocrx_word' id='word_1_387' title='bbox 1324 3858 1496 3954; x_wconf 87' lang='lat' dir='ltr'><strong>Hispania</strong></span> <span class='ocrx_word' id='word_1_388' title='bbox 1511 3883 1612 3931; x_wconf 90' lang='lat' dir='ltr'><strong>arma</strong></span> <span class='ocrx_word' id='word_1_389' title='bbox 1632 3872 1730 3930; x_wconf 91' lang='lat' dir='ltr'><strong>mota</strong></span> <span class='ocrx_word' id='word_1_390' title='bbox 1739 3859 1787 3956; x_wconf 82' lang='lat'><strong>⁷¹)</strong></span> <span class='ocrx_word' id='word_1_391' title='bbox 1811 3873 1905 3932; x_wconf 93' lang='lat' dir='ltr'><strong>sunt.</strong></span> <span class='ocrx_word' id='word_1_392' title='bbox 1966 3861 2093 3932; x_wconf 87' lang='lat' dir='ltr'><strong>Potest</strong></span> <span class='ocrx_word' id='word_1_393' title='bbox 2115 3875 2218 3930; x_wconf 85' lang='lat' dir='ltr'><strong>autem</strong></span> <span class='ocrx_word' id='word_1_394' title='bbox 2236 3879 2266 3924; x_wconf 76' lang='lat' dir='ltr'><strong>eu</strong></span> 
     </span>
    </p>
   </div>
   <div class='ocr_carea' id='block_1_18' title="bbox 162 3958 2266 4264">
    <p class='ocr_par' dir='ltr' id='par_1_18' title="bbox 162 3958 2266 4264">
     <span class='ocr_line' id='line_1_52' title="bbox 162 3958 2266 4070; baseline -0.009 -27"><span class='ocrx_word' id='word_1_395' title='bbox 162 4021 165 4027; x_wconf 77' lang='lat'><strong>,</strong></span> <span class='ocrx_word' id='word_1_396' title='bbox 284 3972 498 4042; x_wconf 85' lang='lat' dir='ltr'><strong>litterarum.</strong></span> <span class='ocrx_word' id='word_1_397' title='bbox 1325 3964 1443 4057; x_wconf 91' lang='lat' dir='ltr'><strong>emplo</strong></span> <span class='ocrx_word' id='word_1_398' title='bbox 1469 3987 1543 4034; x_wconf 91' lang='lat' dir='ltr'><strong>esse</strong></span> <span class='ocrx_word' id='word_1_399' title='bbox 1564 3958 1652 4033; x_wconf 89' lang='lat' dir='ltr'><strong>baec</strong></span> <span class='ocrx_word' id='word_1_400' title='bbox 1677 3962 1846 4055; x_wconf 89' lang='lat' dir='ltr'><strong>epistola,</strong></span> <span class='ocrx_word' id='word_1_401' title='bbox 1888 3987 1969 4034; x_wconf 90' lang='lat' dir='ltr'><strong>eum</strong></span> <span class='ocrx_word' id='word_1_402' title='bbox 1993 3987 2098 4055; x_wconf 89' lang='lat' dir='ltr'><strong>saepe</strong></span> <span class='ocrx_word' id='word_1_403' title='bbox 2122 3963 2164 4030; x_wconf 93' lang='lat' dir='ltr'><strong>ab</strong></span> <span class='ocrx_word' id='word_1_404' title='bbox 2183 3958 2266 4070; x_wconf 56' lang='lat' dir='ltr'><strong>amici</strong></span> 
     </span>
     <span class='ocr_line' id='line_1_53' title="bbox 1324 4063 2266 4160; baseline -0.011 -24"><span class='ocrx_word' id='word_1_405' title='bbox 1324 4065 1461 4160; x_wconf 90' lang='lat' dir='ltr'><strong>aliquid</strong></span> <span class='ocrx_word' id='word_1_406' title='bbox 1474 4065 1646 4157; x_wconf 91' lang='lat' dir='ltr'><strong>petimus,</strong></span> <span class='ocrx_word' id='word_1_407' title='bbox 1670 4064 1814 4158; x_wconf 88' lang='lat' dir='ltr'><strong>inques</strong></span> <span class='ocrx_word' id='word_1_408' title='bbox 1830 4065 1934 4136; x_wconf 92' lang='lat' dir='ltr'><strong>nobis</strong></span> <span class='ocrx_word' id='word_1_409' title='bbox 1949 4065 2086 4160; x_wconf 90' lang='lat' dir='ltr'><strong>aliquid</strong></span> <span class='ocrx_word' id='word_1_410' title='bbox 2101 4063 2182 4134; x_wconf 89' lang='lat' dir='ltr'><strong>iuris</strong></span> <span class='ocrx_word' id='word_1_411' title='bbox 2196 4065 2266 4132; x_wconf 84' lang='lat' dir='ltr'><strong>deest</strong></span> 
     </span>
     <span class='ocr_line' id='line_1_54' title="bbox 407 4153 2265 4264; baseline -0.011 -15"><span class='ocrx_word' id='word_1_412' title='bbox 407 4163 735 4258; x_wconf 64' lang='lat' dir='ltr'><strong>Argumentum</strong></span> <span class='ocrx_word' id='word_1_413' title='bbox 763 4155 984 4252; x_wconf 67' lang='lat' dir='ltr'><strong>ePili‘flae</strong></span> <span class='ocrx_word' id='word_1_414' title='bbox 1010 4153 1150 4256; x_wconf 54' lang='lat' dir='ltr'><strong>xlm·</strong></span> <span class='ocrx_word' id='word_1_415' title='bbox 1324 4169 1416 4240; x_wconf 89' lang='lat' dir='ltr'><strong>Nam</strong></span> <span class='ocrx_word' id='word_1_416' title='bbox 1433 4167 1465 4238; x_wconf 89' lang='lat' dir='ltr'><strong>si</strong></span> <span class='ocrx_word' id='word_1_417' title='bbox 1482 4167 1527 4238; x_wconf 92' lang='lat' dir='ltr'><strong>ab</strong></span> <span class='ocrx_word' id='word_1_418' title='bbox 1545 4167 1687 4260; x_wconf 86' lang='lat' dir='ltr'><strong>ignoto,</strong></span> <span class='ocrx_word' id='word_1_419' title='bbox 1721 4180 1784 4236; x_wconf 90' lang='lat' dir='ltr'><strong>aut</strong></span> <span class='ocrx_word' id='word_1_420' title='bbox 1808 4168 1871 4264; x_wconf 91' lang='lat' dir='ltr'><strong>qui</strong></span> <span class='ocrx_word' id='word_1_421' title='bbox 1890 4167 1957 4238; x_wconf 91' lang='lat' dir='ltr'><strong>tibi</strong></span> <span class='ocrx_word' id='word_1_422' title='bbox 1977 4165 2071 4237; x_wconf 91' lang='lat' dir='ltr'><strong>nibil</strong></span> <span class='ocrx_word' id='word_1_423' title='bbox 2094 4168 2206 4248; x_wconf 90' lang='lat' dir='ltr'><strong>debet,</strong></span> <span class='ocrx_word' id='word_1_424' title='bbox 2231 4159 2265 4254; x_wconf 67' lang='lat' dir='ltr'><strong>ait</strong></span> 
     </span>
    </p>
   </div>
   <div class='ocr_carea' id='block_1_19' title="bbox 284 4267 2265 4516">
    <p class='ocr_par' dir='ltr' id='par_1_19' title="bbox 284 4267 2265 4516">
     <span class='ocr_line' id='line_1_55' title="bbox 387 4267 2265 4408; baseline -0.019 -20"><span class='ocrx_word' id='word_1_425' title='bbox 387 4317 485 4388; x_wconf 84' lang='lat' dir='ltr'><strong>llaec</strong></span> <span class='ocrx_word' id='word_1_426' title='bbox 498 4314 646 4408; x_wconf 90' lang='lat' dir='ltr'><strong>epistola</strong></span> <span class='ocrx_word' id='word_1_427' title='bbox 669 4311 800 4407; x_wconf 87' lang='lat' dir='ltr'><strong>scripta</strong></span> <span class='ocrx_word' id='word_1_428' title='bbox 824 4325 877 4382; x_wconf 90' lang='lat' dir='ltr'><strong>est</strong></span> <span class='ocrx_word' id='word_1_429' title='bbox 900 4323 983 4404; x_wconf 90' lang='lat' dir='ltr'><strong>post</strong></span> <span class='ocrx_word' id='word_1_430' title='bbox 1002 4310 1135 4381; x_wconf 89' lang='lat' dir='ltr'><strong>bellum</strong></span> <span class='ocrx_word' id='word_1_431' title='bbox 1156 4311 1273 4400; x_wconf 86' lang='lat' dir='ltr'><strong>civile,</strong></span> <span class='ocrx_word' id='word_1_432' title='bbox 1325 4271 1416 4390; x_wconf 58' lang='lat' dir='ltr'><strong>qui‘l,</strong></span> <span class='ocrx_word' id='word_1_433' title='bbox 1429 4281 1549 4387; x_wconf 54' lang='lat' dir='ltr'><strong>Pemff’</strong></span> <span class='ocrx_word' id='word_1_434' title='bbox 1583 4269 1652 4339; x_wconf 54' lang='lat'><strong>³¹1³</strong></span> <span class='ocrx_word' id='word_1_435' title='bbox 1669 4267 1810 4387; x_wconf 58' lang='lat'><strong>‘³59⁰‘</strong></span> <span class='ocrx_word' id='word_1_436' title='bbox 1831 4271 2005 4342; x_wconf 61' lang='lat' dir='ltr'><strong>“lendum</strong></span> <span class='ocrx_word' id='word_1_437' title='bbox 2025 4271 2102 4342; x_wconf 63' lang='lat'>⁰⁸51·</span> <span class='ocrx_word' id='word_1_438' title='bbox 2140 4267 2265 4386; x_wconf 41' lang='grc' dir='ltr'><strong>,ΨΜ</strong></span> 
     </span>
     <span class='ocr_line' id='line_1_56' title="bbox 284 4371 2265 4516; baseline -0.021 -40"><span class='ocrx_word' id='word_1_439' title='bbox 284 4447 364 4494; x_wconf 62' lang='lat' dir='ltr'><strong>cum</strong></span> <span class='ocrx_word' id='word_1_440' title='bbox 388 4423 460 4490; x_wconf 63' lang='lat' dir='ltr'><strong>iam</strong></span> <span class='ocrx_word' id='word_1_441' title='bbox 475 4417 606 4488; x_wconf 61' lang='lat' dir='ltr'>caesar</span> <span class='ocrx_word' id='word_1_442' title='bbox 625 4439 745 4485; x_wconf 65' lang='lat' dir='ltr'><strong>,emm</strong></span> <span class='ocrx_word' id='word_1_443' title='bbox 769 4415 903 4507; x_wconf 60' lang='lat' dir='ltr'><strong>pomus</strong></span> <span class='ocrx_word' id='word_1_444' title='bbox 925 4414 1046 4516; x_wconf 44' lang='lat' dir='ltr'><strong>omn-qa</strong></span> <span class='ocrx_word' id='word_1_445' title='bbox 1070 4437 1153 4486; x_wconf 58' lang='lat' dir='ltr'>suae</span> <span class='ocrx_word' id='word_1_446' title='bbox 1172 4427 1271 4508; x_wconf 47' lang='lat' dir='ltr'><strong>pote·</strong></span> <span class='ocrx_word' id='word_1_447' title='bbox 1325 4376 1419 4445; x_wconf 89' lang='lat' dir='ltr'><strong>ordu</strong></span> <span class='ocrx_word' id='word_1_448' title='bbox 1439 4385 1588 4466; x_wconf 80' lang='lat' dir='ltr'><strong>ponatur</strong></span> <span class='ocrx_word' id='word_1_449' title='bbox 1609 4385 1771 4442; x_wconf 77' lang='lat' dir='ltr'><strong>narratae</strong></span> <span class='ocrx_word' id='word_1_450' title='bbox 1795 4373 1839 4442; x_wconf 91' lang='lat' dir='ltr'><strong>de</strong></span> <span class='ocrx_word' id='word_1_451' title='bbox 1862 4372 2003 4444; x_wconf 89' lang='lat' dir='ltr'><strong>duobus</strong></span> <span class='ocrx_word' id='word_1_452' title='bbox 2028 4371 2185 4455; x_wconf 88' lang='lat' dir='ltr'><strong>Calems,</strong></span> <span class='ocrx_word' id='word_1_453' title='bbox 2211 4385 2265 4462; x_wconf 76' lang='lat' dir='ltr'><strong>qut</strong></span> 
     </span>
    </p>
   </div>
   <div class='ocr_carea' id='block_1_20' title="bbox 283 4485 2265 4595">
    <p class='ocr_par' dir='ltr' id='par_1_20' title="bbox 283 4485 2265 4595">
     <span class='ocr_line' id='line_1_57' title="bbox 283 4485 2265 4595; baseline -0.018 0"><span class='ocrx_word' id='word_1_454' title='bbox 283 4524 384 4595; x_wconf 83' lang='lat' dir='ltr'><strong>statis</strong></span> <span class='ocrx_word' id='word_1_455' title='bbox 405 4521 554 4592; x_wconf 86' lang='lat' dir='ltr'><strong>lecisset.</strong></span> <span class='ocrx_word' id='word_1_456' title='bbox 612 4516 823 4587; x_wconf 87' lang='lat' dir='ltr'><strong>Gratulatur</strong></span> <span class='ocrx_word' id='word_1_457' title='bbox 844 4528 963 4588; x_wconf 88' lang='lat' dir='ltr'><strong>autem</strong></span> <span class='ocrx_word' id='word_1_458' title='bbox 988 4516 1027 4585; x_wconf 93' lang='lat' dir='ltr'><strong>in</strong></span> <span class='ocrx_word' id='word_1_459' title='bbox 1046 4539 1087 4585; x_wconf 89' lang='lat' dir='ltr'><strong>ea</strong></span> <span class='ocrx_word' id='word_1_460' title='bbox 1104 4512 1271 4586; x_wconf 90' lang='lat' dir='ltr'><strong>Dolabel·</strong></span> <span class='ocrx_word' id='word_1_461' title='bbox 1324 4533 1526 4544; x_wconf 72' lang='grc'><em>····-··-··</em></span> <span class='ocrx_word' id='word_1_462' title='bbox 2264 4485 2265 4542; x_wconf 72' lang='lat' dir='ltr'><strong>i</strong></span> 
     </span>
    </p>
   </div>
   <div class='ocr_carea' id='block_1_21' title="bbox 283 4571 2265 4728">
    <p class='ocr_par' dir='ltr' id='par_1_21' title="bbox 283 4571 2265 4728">
     <span class='ocr_line' id='line_1_58' title="bbox 283 4571 2265 4728; baseline -0.016 -34"><span class='ocrx_word' id='word_1_463' title='bbox 283 4626 361 4707; x_wconf 89' lang='lat' dir='ltr'><strong>lae,</strong></span> <span class='ocrx_word' id='word_1_464' title='bbox 397 4625 495 4716; x_wconf 90' lang='lat' dir='ltr'><strong>quod</strong></span> <span class='ocrx_word' id='word_1_465' title='bbox 514 4631 597 4713; x_wconf 90' lang='lat' dir='ltr'><strong>post</strong></span> <span class='ocrx_word' id='word_1_466' title='bbox 617 4619 763 4689; x_wconf 86' lang='lat' dir='ltr'><strong>balneas</strong></span> <span class='ocrx_word' id='word_1_467' title='bbox 786 4620 913 4690; x_wconf 88' lang='lat' dir='ltr'><strong>melius</strong></span> <span class='ocrx_word' id='word_1_468' title='bbox 931 4613 1068 4691; x_wconf 88' lang='lat' dir='ltr'><strong>babere</strong></span> <span class='ocrx_word' id='word_1_469' title='bbox 1089 4617 1270 4718; x_wconf 59' lang='lat' dir='ltr'><strong>coepitW).</strong></span> <span class='ocrx_word' id='word_1_470' title='bbox 1356 4605 1693 4728; x_wconf 43' lang='lat' dir='ltr'><strong>‘Qssffiffifflffl</strong></span> <span class='ocrx_word' id='word_1_471' title='bbox 1717 4601 1747 4654; x_wconf 74' lang='lat'><strong>¹⁸</strong></span> <span class='ocrx_word' id='word_1_472' title='bbox 1763 4601 1850 4660; x_wconf 64' lang='grc' dir='ltr'><strong>ΜΝ»</strong></span> <span class='ocrx_word' id='word_1_473' title='bbox 1873 4601 2083 4670; x_wconf 52' lang='lat' dir='ltr'><strong>mmm,</strong></span> <span class='ocrx_word' id='word_1_474' title='bbox 2108 4603 2193 4668; x_wconf 63' lang='lat' dir='ltr'><strong>lm,</strong></span> <span class='ocrx_word' id='word_1_475' title='bbox 2214 4571 2265 4691; x_wconf 59' lang='grc' dir='ltr'><strong>Μ(</strong></span> 
     </span>
    </p>
   </div>
   <div class='ocr_carea' id='block_1_22' title="bbox 281 4717 2264 5433">
    <p class='ocr_par' dir='ltr' id='par_1_22' title="bbox 281 4717 2264 5433">
     <span class='ocr_line' id='line_1_59' title="bbox 284 4717 2264 4828; baseline -0.011 -31"><span class='ocrx_word' id='word_1_476' title='bbox 284 4723 528 4797; x_wconf 87' lang='lat' dir='ltr'><strong>Gratulationi</strong></span> <span class='ocrx_word' id='word_1_477' title='bbox 558 4717 658 4792; x_wconf 87' lang='lat' dir='ltr'><strong>addit</strong></span> <span class='ocrx_word' id='word_1_478' title='bbox 684 4721 829 4790; x_wconf 88' lang='lat' dir='ltr'><strong>brevem</strong></span> <span class='ocrx_word' id='word_1_479' title='bbox 851 4721 1097 4792; x_wconf 86' lang='lat' dir='ltr'><strong>narrationem</strong></span> <span class='ocrx_word' id='word_1_480' title='bbox 1122 4722 1166 4790; x_wconf 89' lang='lat' dir='ltr'><strong>de</strong></span> <span class='ocrx_word' id='word_1_481' title='bbox 1190 4743 1270 4790; x_wconf 86' lang='lat' dir='ltr'><strong>ora·</strong></span> <span class='ocrx_word' id='word_1_482' title='bbox 1355 4763 1405 4822; x_wconf 62' lang='lat'><strong>⁶3)</strong></span> <span class='ocrx_word' id='word_1_483' title='bbox 1424 4763 1493 4814; x_wconf 73' lang='lat' dir='ltr'><strong>nuto</strong></span> <span class='ocrx_word' id='word_1_484' title='bbox 1511 4761 1572 4812; x_wconf 59' lang='lat' dir='ltr'><strong>m,</strong></span> <span class='ocrx_word' id='word_1_485' title='bbox 1590 4761 1618 4810; x_wconf 60' lang='lat' dir='ltr'><strong>p„</strong></span> <span class='ocrx_word' id='word_1_486' title='bbox 1639 4757 1725 4810; x_wconf 42' lang='lat' dir='ltr'><strong>mm·</strong></span> <span class='ocrx_word' id='word_1_487' title='bbox 1743 4757 1857 4807; x_wconf 58' lang='grc' dir='ltr'><strong>Μ,</strong></span> <span class='ocrx_word' id='word_1_488' title='bbox 1871 4757 1966 4828; x_wconf 51' lang='grc' dir='ltr'><strong>Μ,</strong></span> <span class='ocrx_word' id='word_1_489' title='bbox 1991 4758 2086 4822; x_wconf 51' lang='grc' dir='ltr'><strong>,Μ’</strong></span> <span class='ocrx_word' id='word_1_490' title='bbox 2114 4755 2201 4818; x_wconf 49' lang='grc' dir='ltr'><strong>Μ,</strong></span> <span class='ocrx_word' id='word_1_491' title='bbox 2221 4743 2264 4801; x_wconf 63' lang='lat' dir='ltr'><strong>,gg</strong></span> 
     </span>
     <span class='ocr_line' id='line_1_60' title="bbox 281 4811 2264 4964; baseline -0.01 -68"><span class='ocrx_word' id='word_1_492' title='bbox 281 4830 380 4898; x_wconf 91' lang='lat' dir='ltr'><strong>tione</strong></span> <span class='ocrx_word' id='word_1_493' title='bbox 402 4847 464 4894; x_wconf 88' lang='lat' dir='ltr'><strong>sua</strong></span> <span class='ocrx_word' id='word_1_494' title='bbox 487 4847 556 4916; x_wconf 92' lang='lat' dir='ltr'><strong>pro</strong></span> <span class='ocrx_word' id='word_1_495' title='bbox 579 4847 661 4916; x_wconf 90' lang='lat' dir='ltr'><strong>rege</strong></span> <span class='ocrx_word' id='word_1_496' title='bbox 679 4821 873 4905; x_wconf 85' lang='lat' dir='ltr'><strong>Deiotaro,</strong></span> <span class='ocrx_word' id='word_1_497' title='bbox 916 4847 1024 4918; x_wconf 86' lang='lat' dir='ltr'><strong>quarn</strong></span> <span class='ocrx_word' id='word_1_498' title='bbox 1048 4848 1114 4916; x_wconf 88' lang='lat' dir='ltr'><strong>per</strong></span> <span class='ocrx_word' id='word_1_499' title='bbox 1132 4825 1269 4895; x_wconf 89' lang='lat' dir='ltr'><strong>litteras</strong></span> <span class='ocrx_word' id='word_1_500' title='bbox 1390 4832 1609 4964; x_wconf 41' lang='lat' dir='ltr'><strong>wewam</strong></span> <span class='ocrx_word' id='word_1_501' title='bbox 1631 4837 1731 4882; x_wconf 65' lang='lat'><strong>”⁰¹⁸³</strong></span> <span class='ocrx_word' id='word_1_502' title='bbox 1754 4824 1797 4892; x_wconf 74' lang='lat' dir='ltr'><strong>(S</strong></span> <span class='ocrx_word' id='word_1_503' title='bbox 1811 4827 1867 4886; x_wconf 83' lang='lat'><strong>¹·)=</strong></span> <span class='ocrx_word' id='word_1_504' title='bbox 1902 4827 1935 4882; x_wconf 75' lang='lat'><strong>0.</strong></span> <span class='ocrx_word' id='word_1_505' title='bbox 1953 4827 2114 4881; x_wconf 61' lang='lat' dir='ltr'><strong>astam</strong></span> <span class='ocrx_word' id='word_1_506' title='bbox 2137 4825 2194 4892; x_wconf 72' lang='lat' dir='ltr'><strong>(nt</strong></span> <span class='ocrx_word' id='word_1_507' title='bbox 2211 4811 2264 4874; x_wconf 73' lang='lat' dir='ltr'><strong>ont</strong></span> 
     </span>
     <span class='ocr_line' id='line_1_61' title="bbox 287 4935 2264 5050; baseline -0.011 -1"><span class='ocrx_word' id='word_1_508' title='bbox 287 4981 494 5006; x_wconf 78' lang='grc'><strong>’“”““’“””“</strong></span> <span class='ocrx_word' id='word_1_509' title='bbox 1353 4979 1402 5050; x_wconf 73' lang='grc'><strong>69)</strong></span> <span class='ocrx_word' id='word_1_510' title='bbox 1420 4984 1479 5033; x_wconf 83' lang='lat' dir='ltr'><strong>ttae</strong></span> <span class='ocrx_word' id='word_1_511' title='bbox 1495 4935 1684 5047; x_wconf 76' lang='lat' dir='ltr'><strong>argumentum</strong></span> <span class='ocrx_word' id='word_1_512' title='bbox 1702 4983 1731 5032; x_wconf 88' lang='lat' dir='ltr'><strong>et</strong></span> <span class='ocrx_word' id='word_1_513' title='bbox 1748 4979 1801 5032; x_wconf 88' lang='lat' dir='ltr'><strong>duo</strong></span> <span class='ocrx_word' id='word_1_514' title='bbox 1820 4979 1965 5043; x_wconf 79' lang='lat' dir='ltr'><strong>sequentis</strong></span> <span class='ocrx_word' id='word_1_515' title='bbox 1982 4977 2115 5033; x_wconf 71' lang='lat' dir='ltr'><strong>statutt</strong></span> <span class='ocrx_word' id='word_1_516' title='bbox 2131 4974 2213 5042; x_wconf 64' lang='lat' dir='ltr'><strong>idib,</strong></span> <span class='ocrx_word' id='word_1_517' title='bbox 2229 4961 2264 5021; x_wconf 70' lang='lat' dir='ltr'><strong>lli</strong></span> 
     </span>
     <span class='ocr_line' id='line_1_62' title="bbox 314 5051 1694 5125; baseline -0.012 -8"><span class='ocrx_word' id='word_1_518' title='bbox 314 5065 365 5123; x_wconf 74' lang='lat' dir='ltr'><strong>tt)</strong></span> <span class='ocrx_word' id='word_1_519' title='bbox 382 5061 441 5114; x_wconf 72' lang='lat' dir='ltr'><strong>Boo</strong></span> <span class='ocrx_word' id='word_1_520' title='bbox 458 5057 649 5121; x_wconf 77' lang='lat' dir='ltr'><strong>argumentum</strong></span> <span class='ocrx_word' id='word_1_521' title='bbox 666 5057 694 5107; x_wconf 86' lang='lat' dir='ltr'><strong>et</strong></span> <span class='ocrx_word' id='word_1_522' title='bbox 712 5055 765 5107; x_wconf 79' lang='lat' dir='ltr'><strong>dno</strong></span> <span class='ocrx_word' id='word_1_523' title='bbox 783 5055 926 5120; x_wconf 71' lang='lat' dir='ltr'><strong>nequeam</strong></span> <span class='ocrx_word' id='word_1_524' title='bbox 943 5053 972 5104; x_wconf 85' lang='lat' dir='ltr'><strong>tn</strong></span> <span class='ocrx_word' id='word_1_525' title='bbox 985 5057 1069 5110; x_wconf 81' lang='lat' dir='ltr'><strong>ttdttt.</strong></span> <span class='ocrx_word' id='word_1_526' title='bbox 1087 5058 1178 5125; x_wconf 72' lang='lat' dir='ltr'><strong>tusa,</strong></span> <span class='ocrx_word' id='word_1_527' title='bbox 1202 5057 1270 5112; x_wconf 64' lang='grc' dir='ltr'><strong>ιω</strong></span> <span class='ocrx_word' id='word_1_528' title='bbox 1387 5051 1506 5104; x_wconf 80' lang='lat' dir='ltr'><strong>-raes,</strong></span> <span class='ocrx_word' id='word_1_529' title='bbox 1525 5051 1694 5100; x_wconf 77' lang='lat' dir='ltr'><strong>exaltentur.</strong></span> 
     </span>
     <span class='ocr_line' id='line_1_63' title="bbox 349 5113 2264 5198; baseline -0.013 3"><span class='ocrx_word' id='word_1_530' title='bbox 349 5127 667 5182; x_wconf 67' lang='lat' dir='ltr'><strong>-¹⁶⁹⁶·¹¹¹v⁰¹¹¹¹¹¹¹t¹¹r·</strong></span> <span class='ocrx_word' id='word_1_531' title='bbox 1353 5131 1892 5196; x_wconf 67' lang='lat' dir='ltr'><strong>marasemsasorseeeustuae,</strong></span> <span class='ocrx_word' id='word_1_532' title='bbox 1911 5129 2004 5198; x_wconf 69' lang='lat' dir='ltr'><strong>sess,</strong></span> <span class='ocrx_word' id='word_1_533' title='bbox 2025 5113 2264 5192; x_wconf 57' lang='lat' dir='ltr'><strong>rueramus</strong></span> 
     </span>
     <span class='ocr_line' id='line_1_64' title="bbox 314 5201 2264 5349; baseline 0 -14"><span class='ocrx_word' id='word_1_534' title='bbox 314 5209 748 5337; x_wconf 54' lang='lat' dir='ltr'><strong>“iactatiactat</strong></span> <span class='ocrx_word' id='word_1_535' title='bbox 764 5209 793 5260; x_wconf 78' lang='lat'><strong>“</strong></span> <span class='ocrx_word' id='word_1_536' title='bbox 811 5209 863 5261; x_wconf 72' lang='lat'><strong>¹⁰⁰</strong></span> <span class='ocrx_word' id='word_1_537' title='bbox 881 5209 1164 5275; x_wconf 71' lang='lat'><strong>’⁰³⁰⁶&#39;‘¹⁸⁸&#39;&#39;¹‘¹“·</strong></span> <span class='ocrx_word' id='word_1_538' title='bbox 1179 5211 1267 5278; x_wconf 51' lang='grc' dir='ltr'><strong>’Μ’</strong></span> <span class='ocrx_word' id='word_1_539' title='bbox 1352 5201 1762 5349; x_wconf 58' lang='lat' dir='ltr'><strong>..t‘lttttt‘tzlttt</strong></span> <span class='ocrx_word' id='word_1_540' title='bbox 1786 5285 1854 5339; x_wconf 68' lang='lat' dir='ltr'><strong>aa</strong></span> <span class='ocrx_word' id='word_1_541' title='bbox 1900 5283 1992 5340; x_wconf 57' lang='lat' dir='ltr'><strong>aas·</strong></span> <span class='ocrx_word' id='word_1_542' title='bbox 2017 5285 2094 5337; x_wconf 62' lang='lat' dir='ltr'><strong>aa..</strong></span> <span class='ocrx_word' id='word_1_543' title='bbox 2121 5281 2192 5336; x_wconf 66' lang='lat' dir='ltr'><strong>m.</strong></span> <span class='ocrx_word' id='word_1_544' title='bbox 2222 5235 2264 5326; x_wconf 74' lang='lat' dir='ltr'><strong>ot</strong></span> 
     </span>
     <span class='ocr_line' id='line_1_65' title="bbox 312 5311 2207 5433; baseline -0.011 -13"><span class='ocrx_word' id='word_1_545' title='bbox 312 5370 362 5428; x_wconf 75' lang='lat' dir='ltr'><strong>aa)</strong></span> <span class='ocrx_word' id='word_1_546' title='bbox 379 5369 484 5433; x_wconf 77' lang='lat' dir='ltr'><strong>caepa]</strong></span> <span class='ocrx_word' id='word_1_547' title='bbox 502 5365 551 5418; x_wconf 82' lang='lat' dir='ltr'><strong>rt</strong></span> <span class='ocrx_word' id='word_1_548' title='bbox 571 5363 646 5418; x_wconf 68' lang='lat' dir='ltr'><strong>tote.</strong></span> <span class='ocrx_word' id='word_1_549' title='bbox 664 5359 744 5427; x_wconf 74' lang='lat' dir='ltr'><strong>eeslt.</strong></span> <span class='ocrx_word' id='word_1_550' title='bbox 1387 5367 1485 5414; x_wconf 87' lang='lat' dir='ltr'><strong>errore</strong></span> <span class='ocrx_word' id='word_1_551' title='bbox 1501 5359 1633 5422; x_wconf 70' lang='lat' dir='ltr'><strong>tymme</strong></span> <span class='ocrx_word' id='word_1_552' title='bbox 1657 5357 1731 5408; x_wconf 86' lang='lat' dir='ltr'><strong>nota.</strong></span> <span class='ocrx_word' id='word_1_553' title='bbox 1764 5325 1769 5339; x_wconf 59' lang='lat'>¹</span> <span class='ocrx_word' id='word_1_554' title='bbox 1856 5319 1880 5352; x_wconf 54' lang='lat'><strong>⁹⁹</strong></span> <span class='ocrx_word' id='word_1_555' title='bbox 1969 5321 1993 5352; x_wconf 67' lang='lat'><strong>&#39;&#39;</strong></span> <span class='ocrx_word' id='word_1_556' title='bbox 2095 5324 2100 5338; x_wconf 61' lang='lat'>¹</span> <span class='ocrx_word' id='word_1_557' title='bbox 2198 5311 2207 5348; x_wconf 77' lang='lat'>⁷</span> 
     </span>
    </p>
   </div>
   <div class='ocr_carea' id='block_1_23' title="bbox 0 0 2299 5796">
    <p class='ocr_par' dir='ltr' id='par_1_23' title="bbox 0 0 2299 5796">
     <span class='ocr_line' id='line_1_66' title="bbox 0 0 2299 5796; baseline 0 0"><span class='ocrx_word' id='word_1_558' title='bbox 0 0 2299 5796; x_wconf 95' lang='lat' dir='ltr'><strong> </strong></span> 
     </span>
    </p>
   </div>
  </div>
 </body>
</html>
