4560 5792
272 1487 441 1576 XXXI.
504 1486 604 1570 PH.
646 1483 804 1566 atah.
847 1478 1266 1568 nNaaaArlo
1312 1481 1511 1597 blant
1554 1481 1812 1572 naetbtt
1849 1483 2237 1578 tatsatttttlt·

687 1649 835 1737 NUM
871 1647 1396 1736 ORATORIARUM
1433 1649 1900 1754 atttttrttstattt.

272 1903 338 2020 Illi
359 1958 530 2037 paraphrasi
551 1955 705 2015 Plinianae
726 1953 915 2032 praelationis
937 1954 1071 2030 proxime
1092 1955 1274 2012 annectimus
1294 1955 1491 2014 Melantbonis
1513 1955 1720 2016 annotationes
1741 1956 1772 2014 in
1793 1956 1876 2017 Fabii
1892 1959 2065 2027 Quintiliani
2085 1959 2235 2018 institutionum

273 2047 464 2107 oratoriarum
488 2043 594 2100 librum
616 2040 777 2116 decimam,
807 2056 884 2116 quae
905 2040 935 2096 in
957 2039 1047 2098 hocce
1068 2039 1258 2110 inveniuntur
1280 2040 1371 2098 libro:

401 2159 446 2222 Io
465 2154 515 2222 M.
541 2153 640 2218 Fabii
658 2152 868 2236 Quintiliani
887 2151 1145 2216 Institutionum
1173 2151 1314 2218 Libram
1337 2155 1530 2229 Decimam,
1560 2153 1844 2218 Docasstmorom
1871 2155 2032 2222 Virorum
2057 2159 2236 2226 annotationes,

442 2243 570 2323 Nempe
592 2237 748 2322 Pltt'ls'ppi
769 2235 1009 2303 Melantlsossis.
1063 2239 1201 2304 loannis
1235 2241 1468 2307 l'eltcars'osse's.
1519 2239 1658 2302 Ioannis
1686 2236 1839 2324 Stagetq'.
1890 2239 2053 2324 Caepario
2081 2235 2237 2318 Laodsidelij.

442 2328 577 2392 Sammo
599 2327 710 2388 stadio
733 2345 775 2386 ae
796 2325 970 2405 singulare·
989 2346 1075 2403 erga
1097 2326 1306 2406 eloquentiae
1335 2325 1501 2387 studiosos
1523 2321 1602 2404 fide
1630 2323 1807 2401 collectae,
1843 2331 1879 2388 s‘o
1908 2329 2059 2391 ordinem
2086 2329 2202 2408 digestae
2219 2333 2236 2381 st

441 2415 584 2476 aeditae.
637 2410 704 2474 Per
724 2409 773 2476 M.
799 2409 1005 2494 b'tepltaaaos
1025 2409 1191 2475 Ricciaos.
1230 2415 1271 2496 (c.
1292 2417 1400 2490 insigni
1422 2410 1553 2492 typogr.)
1576 2445 1619 2458 —
1652 2414 1700 2493 (ln
1725 2415 1784 2474 boe
1805 2413 1952 2494 Praelat.)
1983 2411 2035 2478 M.
2048 2413 2092 2476 tt.
2105 2406 2237 2476 LXX.-

442 2505 491 2583 (lo
514 2503 574 2560 tine
597 2500 795 2579 librat-Finis
816 2502 1042 2560 Arsootationom
1063 2502 1093 2558 in
1116 2500 1153 2558 X.
1179 2501 1282 2559 tibrum
1306 2501 1406 2576 Fabij,
1435 2497 1630 2578 inpressoro
1651 2501 1813 2576 impensis
1835 2495 1955 2560 Iacobo·
1972 2497 2100 2581 Apelli,
2119 2495 2236 2570 Bibliopr

441 2587 496 2648 lae
515 2584 700 2662 Lipsessss's.
741 2584 773 2647 8.
817 2583 861 2646 34
883 2587 1001 2664 piapg„
1024 2587 1080 2646 iitt.
1104 2589 1125 2644 Α
1150 2583 1211 2665 (¹f,
1224 2585 1284 2666 pl.)
1305 2594 1335 2646 et
1356 2587 1476 2662 A-Z,
1498 2587 1581 2644 o-l
1606 2581 1768 2664 (1¹s2pi.)
1789 2587 1862 2662 sign.
1886 2585 1923 2664 (i
1940 2587 2006 2648 tott.
2029 2607 2083 2646 non
2104 2605 2168 2644 nom.
2184 2597 2237 2662 poe·

444 2687 492 2734 ter
514 2673 644 2731 iadicem
667 2683 745 2731 cont.
770 2672 860 2729 Riecii
883 2673 1035 2748 epistolam
1059 2675 1298 2749 nuncupatoriam
1327 2670 1366 2728 ad
1387 2669 1628 2750 christophorum
1650 2671 1897 2730 Lanterbacbium
1920 2672 2043 2734 Octobr.
2062 2693 2087 2732 a.
2109 2667 2182 2731 1570.
2197 2665 2237 2722 ttt't

441 2771 521 2839 ptam
529 2782 537 2828 ς
566 2754 631 2820 aba
646 2757 709 2816 soll.
733 2776 812 2816 nom.
835 2756 1000 2834 Explicatio
1021 2755 1058 2818 X.
1081 2757 1159 2814 Libri
1183 2755 1371 2828 Quintiliaoi3
1399 2755 1452 2817 utt.
1476 2777 1544 2834 pag.
1565 2754 1656 2833 rac).
1698 2755 1780 2816 Haec
1801 2757 1867 2815 libri
1881 2757 1918 2818 X.
1941 2759 2095 2836 explicatio
2114 2759 2148 2813 sic
2165 2753 2236 2811 estis·

441 2854 567 2914 structa,
590 2855 639 2918 ut,
662 2844 722 2902 rita
744 2842 916 2910 Quintiliani
938 2853 969 2900 et
991 2841 1221 2919 praefationibus
1236 2841 1451 2917 Melanthonis,
1473 2842 1606 2918 Stigelii,
1630 2841 1814 2900 Voleucionis*
1836 2855 1867 2900 et
1888 2841 2068 2904 Landaidelii
2089 2845 2115 2900 in
2135 2833 2238 2898 titoni

436 2929 560 2997 Quintil.
585 2929 764 3004 praemissis,
787 2938 885 2985 tentate
907 2927 992 2985 boios
1015 2928 1081 2986 libri
1103 2927 1276 2986 exbibeatur
1296 2929 1326 2985 in
1349 2922 1393 2986 27
1414 2929 1569 3003 particulae
1593 2926 1718 3002 divisos,
1739 2945 1862 3005 quarum
1883 2945 2032 3006 quamque
2053 2927 2148 2988 scholia
2165 2921 2237 2980 aeta

437 3013 551 3090 thenis,
571 3012 702 3091 Stigelii,
728 3013 915 3071 Velcurionis
938 3022 969 3070 et
990 3011 1188 3087 Landsidetii,
1210 3030 1286 3090 qnae
1308 3011 1346 3070 ad
1367 3030 1432 3071 eam
1454 3014 1622 3091 pertinent,
1649 3011 1790 3092 deinceps
1814 3023 1990 3090 sequuntur.
2031 3012 2148 3091 singolis
2164 3003 2238 3066 solatis

437 3099 526 3158 verba
548 3099 738 3177 Quintiliani,
765 3099 901 3176 adquae
924 3109 1075 3176 spectant,
1101 3099 1238 3175 praefixa
1258 3106 1336 3159 sunt.

242 3219 426 3298 ¹Epistolam
448 3219 528 3275 iliam
550 3220 792 3296 nuncupatoriam
815 3218 935 3277 editoris
957 3218 989 3278 b.
1009 3218 1030 3275 l.
1053 3215 1250 3276 Melanthonis
1273 3216 1480 3275 commentario
1503 3214 1734 3294 praemittimus,
1762 3232 1801 3274 ex
1822 3233 1880 3292 qna
1901 3215 1997 3276 lector
2016 3214 2097 3274 huius
2117 3211 2169 3272 iibri
2184 3203 2239 3280 tagi·

266 3325 337 3366 nem
360 3311 524 3381 cognoscat.

193 3495 195 3500 ’
266 3487 431 3552 Eximiae
452 3489 528 3568 spei
546 3484 812 3566 praeclaraeque
831 3483 960 3545 indolis
981 3481 1217 3558 Adolescenti,
1253 3480 1508 3565 christophoro,
1547 3461 1766 3546 Ornatissim'
1791 3484 1861 3543 oiri
1880 3479 1928 3546 D.
1953 3478 2166 3546 Bartlsoloesei
2181 3471 2237 3534 lat·

306 3570 476 3638 terbaelss'i
495 3569 674 3634 illustriss.
696 3568 869 3648 Principis
895 3567 1061 3631 Electors's
1082 3570 1239 3652 Augusti
1260 3566 1370 3631 Dacis
1393 3570 1569 3631 Senoniae
1591 3581 1653 3632 eto.
1696 3567 1916 3650 Barggraoie'
1936 3563 2214 3649 Magdeburgetsit,

713 3653 1010 3736 Arebiqaaestors's
1025 3651 1121 3738 filio.
1165 3655 1215 3720 M.
1238 3653 1434 3740 Stephanos
1455 3653 1596 3718 Riccios
1682 3651 1717 3718 S.
1739 3651 1786 3717 D.
1808 3653 1848 3718 P.

393 3781 543 3846 Quantam
564 3775 677 3835 reserat
699 3778 729 3834 in
752 3777 876 3835 dicendo
898 3778 937 3835 ad
958 3795 1051 3854 genos
1074 3780 1212 3837 orationis
1234 3779 1314 3858 quod
1335 3789 1366 3838 et
1388 3789 1499 3838 tersum
1522 3779 1577 3853 sit,
1598 3787 1630 3836 et
1651 3778 1754 3853 rebus,
1778 3775 2149 3855 quasproierrevolomus,
2166 3777 2236 3824 setta

263 3863 412 3924 modatom
435 3862 586 3920 assuefieri
609 3863 656 3919 rei
679 3879 718 3919 ex
741 3862 796 3919 boc
817 3883 874 3920 ono
895 3864 1087 3940 intelligitur,
1121 3885 1187 3922 com
1211 3866 1429 3940 consideratur,
1461 3883 1513 3921 cor
1534 3866 1571 3922 ab
1592 3863 1752 3921 Aristotele
1769 3875 1805 3921 ‘et
1827 3863 1971 3920 Cicerone
1992 3863 2097 3918 dicturo
2118 3857 2161 3928 sit,
2184 3845 2236 3904 serbo

263 3967 330 4008 esse
354 3966 452 4006 rernm
475 3959 558 4005 notas
580 3965 631 4003 seu
655 3948 797 4021 symbola.
841 3949 881 4007 Ut
904 3949 982 4004 enim
1006 3950 1121 4028 siquid
1146 3961 1191 4008 est
1213 3950 1241 4006 in
1265 3953 1357 4027 notis,
1380 3949 1459 4028 qood
1482 3949 1529 4008 rel
1552 3967 1610 4005 non
1633 3949 1704 4006 satis
1724 3947 1771 4023 id,
1800 3947 2052 4024 qoodnotandnm
2067 3952 2122 4016 est,
2141 3936 2236 4008 aesna

261 4036 312 4095 rel
332 4033 426 4104 laliax
450 4043 495 4092 est
518 4047 548 4093 et
569 4048 694 4108 anceps,
732 4033 865 4090 notitiam
887 4033 1029 4110 impedit,
1065 4055 1123 4113 quo
1154 4037 1250 4092 minus
1273 4035 1384 4114 liquido
1406 4053 1474 4112 res,
1509 4051 1585 4110 quae
1607 4043 1742 4108 notator,
1771 4033 1866 4092 teneri
1887 4033 1995 4109 possit:
2032 4033 2087 4102 ita,
2114 4025 2234 4107 abisam

263 4139 350 4199 qaam
373 4118 538 4196 aptissimos
560 4118 598 4176 ad
621 4136 668 4175 res
691 4117 884 4197 exponendas
905 4118 1094 4192 adhibeatur,
1130 4121 1306 4197 regulariter
1327 4121 1462 4178 accidere
1481 4120 1573 4189 solet,
1607 4128 1640 4176 ut
1661 4133 1710 4175 res
1738 4117 1881 4194 impedita
1910 4117 2083 4175 obscuritate
2110 4127 2157 4166 non
2180 4104 2235 4179 pot3¹¹

262 4208 320 4280 ita,
352 4214 384 4263 ut
405 4205 547 4280 debebat,
568 4203 717 4280 intelligi,
739 4213 789 4262 aut
810 4205 923 4262 etiarnsi
946 4213 1094 4281 utcunque
1116 4203 1185 4262 hinc
1206 4205 1277 4262 inde
1299 4207 1364 4264 sine
1386 4205 1523 4280 delecto,
1544 4215 1575 4263 et
1596 4205 1660 4263 sine
1681 4203 1787 4260 iudicio
1809 4203 1936 4260 consutis
1957 4212 2046 4279 atque
2062 4191 2185 4270 usurpatis
2196 4200 2235 4276 aa·

261 4293 307 4352 bis
327 4290 474 4350 sententia
497 4289 740 4347 animadvertitur
764 4285 953 4366 (quamquam
976 4289 1015 4347 da
1037 4307 1074 4356 ea
1095 4291 1158 4367 ipsa
1181 4309 1239 4346 non
1262 4309 1328 4349 raro
1350 4291 1540 4348 divinandum
1563 4287 1635 4368 est),
1655 4290 1800 4366 ingratam
1819 4297 1919 4345 tamen
1941 4289 1979 4346 sit
2003 4287 2113 4362 tinguae
2132 4261 2235 4356 perirati

262 4377 375 4455 ipsum,
398 4375 476 4454 qood
500 4393 565 4432 com
588 4391 647 4429 non
670 4391 705 4430 ea
728 4375 898 4451 integritate
919 4375 974 4449 sit,
997 4394 1054 4451 qna
1076 4393 1142 4432 esse
1164 4385 1298 4454 poterat,
1327 4377 1421 4434 minos
1443 4386 1601 4434 venustum
1622 4385 1686 4447 est,
1716 4384 1747 4432 et
1769 4373 1864 4430 minus
1887 4372 2045 4430 iucundum
2066 4379 2094 4426 et
2114 4363 2235 4422 relator·

263 4480 320 4538 pos
341 4463 439 4538 aliqua
461 4461 507 4518 sui
528 4472 613 4536 parte
635 4459 789 4535 insigniter
813 4461 947 4518 laborans
969 4460 1056 4518 iaciie
1079 4463 1209 4519 morbum
1231 4463 1358 4539 aliquem
1383 4461 1490 4538 prodit.

394 4545 476 4604 Haec
497 4559 596 4603 autern
618 4543 685 4601 ideo
708 4561 919 4621 commemoro,
948 4563 1006 4602 non
1029 4545 1108 4622 qnod
1131 4547 1219 4603 veiim
1243 4546 1343 4604 durius
1368 4546 1560 4623 pronuntiare
1582 4543 1621 4600 de
1643 4544 1693 4619 iis,
1729 4542 1781 4620 qui
1802 4541 1872 4598 dum
1895 4539 2045 4618 iniquitate
2064 4532 2172 4613 quadam
2189 4533 2234 4579 iffi·

264 4647 369 4706 porum
393 4631 633 4706 praeceptoribus
655 4629 768 4686 idoneis
790 4639 963 4705 caruerunt,
992 4631 1085 4688 coacti
1102 4629 1223 4689 luerunt
1246 4647 1311 4688 esse
1334 4632 1481 4705 contenti,
1508 4631 1531 4685 si
1555 4644 1737 4686 communem
1758 4627 1902 4704 aliquam,
1937 4637 1968 4684 et
1991 4644 2046 4682 non
2068 4623 2148 4700 piane
2167 4605 2234 4667 barbe

262 4715 351 4772 ricam
374 4713 516 4790 loquendi
537 4713 706 4772 laenitatem
729 4730 961 4791 assequerentur
984 4713 1051 4794 (eos
1075 4717 1152 4772 enirn
1174 4715 1262 4773 facile
1284 4725 1405 4774 excusat
1425 4714 1614 4773 institutionis
1636 4713 1731 4784 ratio,
1765 4712 1795 4768 in
1825 4729 1884 4786 qna
1912 4722 2032 4787 praeter
2058 4721 2130 4764 stram
2157 4693 2233 4766 culpan

261 4797 386 4858 luerunt
407 4817 425 4855 a
447 4799 562 4856 meliori
583 4797 717 4876 prolecta
741 4801 770 4857 in
794 4799 849 4856 hoc
870 4817 982 4876 genere
1004 4801 1150 4878 exclusi),
1187 4800 1241 4856 sed
1271 4813 1302 4858 ut
1330 4802 1535 4858 adolescentes
1568 4816 1702 4856 moneam
1731 4815 1789 4854 non
1817 4795 1910 4854 obiter
1936 4797 1966 4852 io
1995 4793 2048 4850 ltoc
2075 4777 2233 4846 elaborandum

209 4901 216 4918 ’
261 4901 344 4958 esse,
375 4883 427 4942 sed
449 4884 520 4941 inde
543 4901 636 4960 usqae
657 4901 675 4940 a
697 4884 798 4962 primis
825 4886 910 4942 annis
937 4886 1081 4944 acerrimo
1108 4886 1204 4944 studio
1231 4884 1358 4943 dandam
1388 4901 1528 4964 operam,
1563 4896 1596 4942 ot
1623 4882 1783 4942 tolerabilis
1810 4879 1916 4938 saltem
1943 4877 2057 4936 dicendi
2083 4870 2186 4930 saculos
2204 4871 2234 4912 a·

281 4970 405 5028 uiratur.
867 5009 872 5014 -
2216 5019 2226 5033 ..

260 4989 280 5049 q
390 5055 502 5123 Quibus
524 5070 594 5111 vero
617 5055 648 5111 in
670 5053 759 5112 rebus
781 5071 817 5113 ea
838 5055 975 5112 consistat
997 5066 1028 5114 et
1050 5075 1109 5134 quo
1131 5065 1217 5134 pacto
1240 5054 1403 5131 comparari
1423 5053 1530 5132 possit,
1560 5053 1690 5112 fideliter
1712 5061 1744 5109 ot
1764 5052 1839 5125 aba,
1868 5068 1926 5108 non
1948 5048 2042 5105 minus
2061 5038 2145 5104 exacti
2161 5027 2233 5090 indict,

260 5159 348 5219 quam
370 5140 527 5200 acutissimi
556 5139 668 5218 ingenii
690 5138 801 5196 Rbetor
824 5140 929 5198 Fabius
945 5135 975 5220 *i
997 5141 1069 5199 libro
1091 5155 1207 5200 tuarum
1229 5140 1448 5200 Institutionum
1470 5139 1507 5200 X.
1537 5138 1684 5214 ostendit,
1721 5154 1811 5214 quem
1840 5136 1896 5192 duo
1925 5133 2028 5192 sommi
2055 5129 2118 5200 risi,
2147 5119 2233 5177 (iustum

293 5414 326 5482 *l
345 5418 448 5469 Festos
469 5421 667 5483 Quintilianus.
