4560 5792
210 175 307 267 ,Μ
352 197 360 206 ’
804 171 929 248 Ptin..
957 170 1073 250 stur.
1105 169 1311 248 smum
1341 169 1680 252 Pmoboutcs.
2158 177 2211 254 iti

226 357 416 420 merentur
433 343 508 418 alii.
558 343 664 420 Nunc
683 369 766 418 eum
787 345 940 420 servitus
964 344 1067 420 vobis
1086 346 1227 440 impen-
1278 345 1398 420 euriae
1420 344 1522 418 domi
1544 357 1688 420 tantum
1708 345 1893 433 rixantur,
1932 341 2051 418 rhetor
2077 357 2163 416 autor
2186 359 2222 420 et

229 451 313 536 det,
339 462 376 520 et
388 449 544 521 militare
557 449 674 542 piget,
700 449 956 520 et.contamini
974 449 1165 542 pecuniam
1187 449 1227 520 iu
1278 449 1562 534 dissensionum,
1586 451 1661 522 dux
1675 449 1906 546 obsequitur,
1932 447 2074 522 trecenti
2091 447 2138 516 illi
2155 449 2223 518 voci·

230 551 452 647 stipendium
482 553 664 636 conferre,
703 564 740 622 et
771 575 852 624 cum
875 552 966 624 alios
987 551 1227 638 servaveritis,
1277 555 1460 638 ferantur,
1484 551 1617 648 reliqui
1631 553 1726 626 eires
1748 553 1812 622 alii
1834 551 1914 626 aliis
1934 551 2087 645 pertibus
2107 553 2225 624 student

229 679 337 749 saepe
353 657 540 726 universos
555 667 591 725 et
610 652 762 726 subinde
783 653 964 746 singulos,
998 679 1121 728 nonne
1142 679 1227 748 por·
1277 655 1437 728 Proinde
1450 650 1508 726 his
1522 656 1663 728 omissis
1677 655 1832 750 colligite
1847 681 1933 740 vos,
1958 668 1995 724 et
2011 653 2143 736 efficite,
2163 665 2226 724 utet

231 760 323 830 tenti
339 757 454 830 simile
468 770 540 842 est,
566 757 605 827 in
626 769 745 828 vestro
760 757 921 849 periculo
939 757 1099 830 cessare?
1149 755 1227 828 lam
1278 759 1439 830 dicamus
1467 759 1683 845 sententias,
1725 772 1762 830 et
1789 759 2029 832 concultemus
2058 768 2228 846 etagamus

231 861 394 934 sinemo
417 859 637 946 consideret,
667 883 777 954 quam
800 857 1228 933 diubellumcumei·
1279 862 1402 933 omnia
1427 861 1679 934 communiter.
1747 862 1858 957 Quod
1878 861 1910 933 si
1931 873 2050 933 autem
2078 857 2163 927 velut
2184 883 2228 949 per

229 964 332 1058 lippo
347 962 578 1055 gesserimus,
602 975 645 1034 ut
658 962 799 1034 nullum
814 963 971 1056 pretium
993 985 1126 1057 operae
1148 975 1227 1034 toto
1279 963 1508 1060 tyrannidem
1530 963 1611 1034 aliis
1629 962 1762 1062 visun)
1785 965 1962 1048 feceritis,
2004 961 2162 1058 quidlibet
2183 961 2229 1028 in-

231 1056 279 1140 eo'
307 1079 469 1158 tempore
499 1067 635 1138 iactum
664 1064 731 1148 sit,
771 1089 813 1134 ea
847 1089 934 1136 vero
967 1085 1044 1136 non
1077 1065 1228 1159 simplex
1278 1067 1444 1160 perandi,
1463 1091 1546 1138 cum
1560 1065 1630 1158 ipsi
1644 1089 1796 1138 munera
1809 1091 1887 1138 non
1902 1065 2036 1138 obeant
2048 1063 2130 1134 alios
2141 1087 2230 1154 coegs

231 1169 389 1242 amentia
413 1181 477 1240 est.
536 1167 640 1240 Scitis
664 1167 761 1237 enirn
783 1167 930 1259 periisse
953 1168 1055 1240 vobis
1074 1180 1228 1261 tempus,
1278 1169 1358 1242 ritis
1373 1170 1538 1244 triremes
1552 1191 1717 1254 armare,
1741 1170 1917 1256 militare,
1943 1167 2025 1238 aliis
2041 1165 2230 1260 permiseritis

229 1273 317 1346 dum
331 1283 539 1356 coutamur,
565 1271 652 1341 dum
676 1269 739 1338 alii
760 1270 851 1342 alios
869 1283 1114 1363 expectamus,
1140 1273 1227 1344 dum
1280 1285 1406 1344 contra
1429 1269 1496 1344 bos
1516 1272 1562 1342 de
1584 1271 1768 1366 republica
1791 1271 2048 1344 benemeritos
2064 1271 2230 1341 decretale

229 1399 312 1451 teos
329 1373 469 1466 agimus
484 1373 732 1466 magistratus,
757 1373 843 1444 dum
860 1374 992 1446 iudicia
1011 1397 1227 1446 exercemus.
1280 1400 1378 1461 cere,
1403 1399 1469 1447 nec
1484 1376 1725 1448 communiter
1738 1375 1956 1470 reipublicae
1972 1396 2083 1468 opera
2098 1373 2138 1442 ab
2149 1371 2230 1440 onni-

229 1477 391 1550 Rursum
405 1476 445 1546 in
458 1500 559 1569 spem
574 1475 748 1546 venimus.
799 1473 985 1562 Breviter,
1011 1478 1136 1548 eadem
1151 1479 1226 1548 lere
1279 1479 1346 1552 bus
1362 1491 1494 1549 navata
1510 1477 1631 1564 luerit,
1647 1475 1740 1552 nihil
1753 1481 1821 1551 rite
1836 1493 2001 1572 geretur;
2025 1499 2155 1568 semper
2166 1477 2230 1544 euin

230 1579 403 1663 scimus,
442 1571 534 1674 quae
566 1579 677 1650 modo
711 1576 833 1651 videas
864 1579 1006 1672 agitari.
1073 1578 1229 1666 Deinde,
1280 1604 1322 1652 ea
1339 1605 1436 1674 pars,
1453 1603 1547 1677 quae
1564 1580 1696 1654 iniuria
1715 1581 1852 1653 adserta
1871 1595 1936 1667 est,
1959 1577 2133 1652 deteriore
2146 1577 2232 1646 condi-

230 1685 323 1756 adeo
344 1681 564 1768 insanimus,
591 1693 633 1753 ut
655 1704 840 1772 speremus
860 1705 902 1752 ea
927 1682 1069 1753 ratione
1092 1683 1229 1756 instau·
1280 1685 1381 1756 tione
1395 1684 1483 1770 erit,
1506 1694 1542 1752 et
1555 1685 1717 1756 futurum
1732 1697 1803 1771 est,
1827 1685 1922 1756 utin
1936 1708 2019 1756 eam
2033 1705 2099 1776 pro
2113 1675 2232 1750 hostibu

112 1787 119 1796 “
229 1798 376 1858 raturos
390 1808 459 1856 nos
474 1807 547 1856 esse
562 1783 755 1876 pristinum
771 1783 872 1855 urbis
886 1796 1039 1871 statum,
1065 1809 1136 1880 qua
1156 1785 1228 1856 col·
1279 1787 1457 1860 saeviatis.
1516 1783 1640 1880 Quare
1663 1787 1703 1857 in
1722 1811 1865 1859 summa
1889 1811 2020 1860 censeo
2041 1783 2160 1854 debere
2176 1807 2232 1852 eou-

229 1887 331 1982 lapsa
359 1899 423 1958 est.
489 1885 602 1981 Atqui
634 1886 673 1956 id
702 1881 934 1958 vehementer
961 1889 1157 1960 absurdum
1186 1911 1229 1958 ac
1279 1891 1372 1960 serre
1386 1889 1548 1982 singulos
1559 1912 1629 1980 pro
1645 1889 1718 1964 suis
1732 1889 1976 1975 facultatibus,
2002 1885 2095 1958 acin
2108 1884 2230 1954 militiam

229 1989 393 2084 ineptum
413 2001 477 2060 est.
527 1987 622 2060 Nam
637 1987 777 2060 facilius
795 1989 982 2083 aliquanto
1009 2003 1063 2062 est
1083 2013 1228 2063 servare
1280 1991 1477 2086 proficisci,
1501 1990 1712 2086 utquisque
1732 1991 2049 2091 possit⁷¹⁸)ordo,
2070 1991 2233 2060 dumsuuu

229 2103 357 2186 parte,
383 2115 493 2187 quam
507 2115 658 2183 parare,
680 2085 773 2160 nibil
788 2104 907 2162 autern
921 2092 1055 2188 reliqui
1067 2095 1229 2165 iecerunt
1281 2119 1406 2166 omnes
1439 2093 1596 2165 cllidum
1622 2094 1792 2180 feceriut,
1834 2097 1941 2168 debet
1965 2108 2005 2168 et
2029 2091 2231 2186 praesentibus

179 2279 188 2292 .
227 2189 401 2266 hactenus
413 2193 506 2276 bella
520 2194 618 2289 quod
630 2207 826 2278 tueremur,
842 2189 1089 2287 recuperanda
1104 2195 1227 2268 omnia
1280 2197 1447 2270 omnibus
1468 2199 1513 2266 de
1533 2197 1717 2290 repubbca
1738 2199 1881 2270 duceudr
1903 2221 2010 2291 copia
2033 2195 2126 2282 beri,
2150 2205 2183 2264 ut
2197 2217 2234 2262 er·

229 2310 334 2384 sunt,
360 2298 400 2366 in
415 2291 485 2366 hoc
501 2295 604 2367 vobis
618 2296 899 2368 incumbendum
916 2311 982 2371 est.
1279 2300 1432 2396 cerpatis
1447 2325 1490 2371 ex
1505 2300 1669 2370 omnium
1692 2301 1917 2375 orationibus
1942 2298 2103 2394 optima,
2131 2320 2193 2366 non
2209 2294 2234 2362 iu

333 2399 496 2470 Proinde
512 2422 639 2470 censeo
654 2399 845 2493 pecuniam
861 2424 936 2474 esse
958 2401 1227 2485 conferendam,
1278 2405 1385 2476 unius
1402 2416 1466 2476 aut
1481 2403 1629 2474 alterius
1647 2404 1862 2477 sententiam
1883 2405 2008 2476 iurati.
2061 2401 2161 2496 Quod
2172 2400 2195 2470 si
2203 2399 2236 2466 le

227 2503 492 2594 expeditionem
506 2501 672 2574 alacriter
683 2501 1010 2602 suscipiendami'),
1028 2505 1227 2574 cavendum
1279 2507 1418 2592 ceritis,
1442 2529 1518 2577 non
1535 2518 1676 2578 tantum
1692 2507 1731 2578 in
1757 2531 1927 2600 praesens
1942 2502 2126 2578 rhetorem
2141 2501 2236 2596 probs

227 2603 359 2689 etiam,
383 2628 430 2674 ne
446 2627 556 2699 quem
571 2604 762 2693 accusetis,
788 2605 902 2678 donee
920 2606 1137 2678 debellatum
1151 2607 1227 2676 iue-
1277 2609 1381 2696 bitis,
1412 2610 1476 2682 sed
1496 2611 1598 2682 vobis
1622 2607 1731 2682 etiam
1747 2608 1786 2680 in
1807 2625 1994 2705 posterum
2009 2601 2237 2704 gratulabimini

227 2705 297 2793 rit,
323 2707 374 2778 ibi
389 2705 511 2777 licebit
523 2731 566 2778 ex
581 2708 684 2780 lactis
696 2705 876 2792 iudicare,
901 2709 965 2802 qni
982 2709 1025 2780 de
1042 2707 1226 2801 republica
1279 2713 1466 2784 meliorem
1483 2712 1584 2783 urbis
1602 2723 1749 2788 stutum.

225 2808 460 2890 benemeriti
483 2808 576 2896 sint,
618 2810 682 2905 qui
709 2834 828 2896 secus,
868 2823 1074 2903 praetextus
1101 2834 1227 2882 omnes
1379 2809 1604 2912 Συμμορίαι
1642 2815 1807 2888 decuriae
1840 2828 1926 2888 sont
1955 2837 2110 2888 munera
2139 2811 2237 2882 obeuu

226 2908 468 2984 extrahendae
502 2912 557 2982 rei
587 2915 785 2999 lacessant,
830 2925 867 2984 et
899 2915 1138 2986 emendentur
1172 2935 1227 2999 ea,
1279 2915 1389 3002 tium,
1427 2941 1514 2988 nam
1540 2941 1582 2988 ex
1615 2917 1737 2990 decem
1772 2917 1937 2992 tribubus
1961 2915 2115 2992 Athenis
2145 2909 2236 2986 delecti

228 3015 384 3112 quaein
406 3015 509 3086 vobis
537 3016 799 3089 desiderantur.
865 3013 992 3111 Neque
1018 3016 1115 3088 enim
1142 3016 1228 3088 licet
1281 3032 1386 3090 erant
1400 3020 1498 3090 mille
1514 3020 1660 3090 ducenti
1675 3021 1860 3106 ditissimi,
1893 3020 1957 3116 qui
1973 3024 2237 3110 conserentpecu

227 3115 333 3188 vobis
362 3120 407 3187 de
438 3117 593 3190 aliorum
626 3119 781 3212 peccatis
801 3119 963 3192 acerbius
982 3119 1162 3206 iudicare,
1194 3119 1227 3191 si
1277 3123 1399 3208 uiam,
1424 3123 1565 3218 quoties
1580 3124 1780 3215 respublica
1795 3125 1941 3216 egebat,
1966 3138 2005 3196 et
2027 3129 2237 3194 armarentur

227 3217 452 3290 conniveatis
475 3219 546 3312 ipsi
568 3221 607 3290 iu
630 3220 769 3294 vestris.
829 3219 924 3294 Nam
947 3221 1035 3316 quid
1057 3221 1097 3292 in
1119 3245 1225 3293 causa
1277 3225 1497 3298 instruerent
1512 3224 1641 3318 viginti
1655 3226 1802 3314 classes,
1837 3227 2093 3323 distributique
2115 3218 2237 3294 erautir

226 3318 437 3392 existimatis
467 3345 562 3406 esse,
607 3345 671 3393 cur
703 3317 773 3394 boe
804 3323 940 3394 bellum
973 3325 1088 3394 vitent
1118 3324 1226 3394 duces
1278 3328 1435 3419 singulas
1447 3328 1629 3420 sexageni,
1655 3332 1903 3426 vocabantque
1912 3329 2153 3424 Symmoriam
2168 3343 2236 3396 sert·

227 3446 372 3510 omnes,
405 3437 586 3520 quotquot
608 3422 866 3518 rempublicam
893 3423 981 3496 loris
1008 3438 1157 3518 gerunt,
1190 3438 1227 3495 et
1278 3429 1376 3522 ginta
1393 3430 1491 3512 illos;
1522 3455 1565 3502 ex
1582 3427 1638 3505 bis
1655 3435 1823 3507 omnibus
1839 3433 2113 3525 locupletissimi
2124 3421 2236 3500 cecedi

225 3549 322 3596 uova
348 3528 526 3621 quaedam
547 3527 640 3598 bella
664 3527 822 3598 conflent
844 3525 916 3624 (est
937 3526 1033 3598 enim
1059 3529 1103 3598 de
1126 3529 1225 3600 duci·
1277 3531 1520 3625 eligebantur,
1560 3535 1624 3628 qui
1651 3535 1818 3628 inprimis
1846 3536 2040 3632 pecuniam
2071 3535 2236 3606 conferrent

224 3628 292 3702 bus
311 3628 539 3726 dicendum);
572 3630 610 3700 id
635 3654 722 3702 vero
748 3629 860 3702 estin
881 3653 1009 3716 causa,
1041 3633 1140 3727 quod
1157 3627 1226 3716 thic
1276 3660 1363 3729 prae
1382 3635 1475 3708 aliis.

224 3731 387 3824 praemia
405 3731 571 3804 laborum
587 3757 629 3803 ac
644 3734 890 3826 periculorum
904 3736 950 3803 ad
973 3759 1038 3806 vos
1061 3735 1224 3807 redeant.
1414 3807 1423 3825 ⁸
1487 3807 1496 3826 ,
1780 3809 1790 3827 .
1882 3808 1893 3826 .

226 3833 336 3928 Quod
352 3834 383 3905 si
399 3846 502 3928 capta
518 3831 888 3930 sueritAmphipolis‚
914 3837 1017 3910 vobi,
1039 3838 1126 3911 urbs
1150 3838 1224 3908 sm,
1350 3809 1452 3881 Alra
1485 3820 1820 3901 rnterpretatro
1855 3810 2059 3881 eiusdem
2093 3829 2184 3878 ora-

225 3935 300 4008 ctui
319 3948 391 4022 est,
420 3937 579 4028 pericula
601 3939 733 4010 ducum
756 3939 906 4031 propria
926 3953 1021 4010 sunt.
1084 3939 1224 4011 Merces
1663 3911 1809 3984 ii⁰ni³
1825 3909 1885 4008 π)·
1979 3975 1981 3980 v

223 4063 294 4132 pro
311 4037 442 4112 merito
458 4041 556 4112 nulla
571 4041 697 4126 datur,
721 4041 762 4110 in
776 4040 855 4112 aliis
870 4042 1139 4113 excursionibus
1156 4041 1224 4112 mi·
1378 4044 1470 4116 Cum
1498 4043 1537 4114 in
1566 4043 1646 4116 aliis
1674 4046 1797 4120 multis
1825 4045 1932 4118 rebus
1961 4043 2114 4140 perspici
2140 4046 2234 4134 potest,

224 4166 294 4214 nus
316 4155 369 4216 est
388 4142 561 4236 periculi,
594 4145 784 4214 commoda
814 4141 991 4237 ampliora
1023 4145 1155 4216 ducum
1188 4157 1225 4214 et
1275 4147 1492 4239 singularem
1509 4171 1584 4220 esse
1593 4147 1754 4220 Deorum
1771 4147 2062 4220 benevolentiam
2079 4169 2156 4238 erga
2169 4139 2235 4212 banc

223 4245 394 4318 militum.
433 4244 674 4339 Lampsacus,
693 4247 852 4340 Sigeum,
877 4269 989 4318 naves
1004 4246 1223 4340 interceptae
1274 4253 1422 4336 urbem,
1468 4263 1545 4321 tum
1573 4276 1660 4323 vero
1689 4253 1729 4322 in
1761 4248 1831 4323 hoc
1860 4252 2009 4345 negotio
2039 4249 2182 4321 maxime
2193 4240 2234 4338 ²¹)-

223 4350 381 4440 praedae
401 4359 497 4422 sunt.
547 4348 664 4421 Nemo
688 4375 774 4420 vero
796 4373 872 4420 non
897 4349 1007 4424 servit
1027 4350 1101 4423 suis
1125 4373 1223 4420 com-

223 4452 354 4525 modis.
410 4451 524 4548 Atqui
544 4477 608 4524 vos
630 4455 772 4548 quoties
790 4453 890 4523 dolet
913 4452 1008 4524 male
1030 4454 1106 4545 geri
1128 4476 1223 4525 rem·
1307 4469 1358 4532 tr)
1376 4471 1448 4533 vsu]
1465 4469 1515 4524 sn
1534 4471 1643 4536 uersu
1660 4481 1685 4526 r.
1703 4481 1729 4526 e.
1749 4483 1846 4525 erroro
1863 4474 1993 4538 syroen:
2017 4469 2072 4522 ets.

223 4554 426 4644 publicam,
452 4581 533 4627 cum
548 4555 698 4628 ducibus
713 4554 957 4650 expostulatis.
1008 4551 1065 4625 llli
1080 4555 1144 4628 ubi
1167 4580 1222 4628 sa·
1311 4556 1385 4619 ⁷¹¹)
1404 4557 1520 4622 quisque
1538 4557 1641 4622 possit]
1658 4557 1711 4613 ua.
1729 4561 1837 4624 umen.
1855 4570 1878 4611 ι
1891 4569 1917 4608 c
1935 4569 2069 4622 qumque
2085 4553 2180 4620 ΡΜ·

224 4652 385 4726 tisfecere
415 4659 539 4744 vobis,
571 4671 608 4730 et
640 4659 781 4752 culpam
809 4658 849 4728 in
882 4683 948 4730 vos
979 4660 1221 4746 coutulerunt,
1307 4643 1717 4778 ”zossfflfflffiffl
1727 4640 2145 4777 fflffitssqffl’sfflgiffi
2155 4631 2230 4754 iffi

222 4779 302 4828 non
322 4759 470 4830 studetis
490 4775 611 4832 tamen
626 4760 713 4832 vitia
733 4775 849 4836 vestra
867 4762 1072 4836 emendare.
1123 4761 1221 4832 Reli·
1344 4781 1421 4834 ιω.
1443 4781 1579 4849 „runnu
1602 4784 1795 4848 omentum
1817 4781 1846 4832 u
1870 4781 2019 4832 aaaron
2043 4760 2227 4842 ornere-’⁹

224 4887 337 4958 quum
356 4875 410 4934 est
424 4860 555 4954 igliur,
591 4879 634 4935 ut
653 4876 803 4958 propter
826 4864 1065 4937 dissensiones
1088 4877 1124 4936 et
1147 4865 1221 4958 pri·
1341 4846 2228 4986 fflggtgffitsslgfflemcoeglttssulpslimga„‘⁶:¹¹a·

222 4978 325 5038 vatas
340 4967 504 5064 querelas
521 4968 719 5060 respublica
734 4969 892 5064 neglecta
911 4980 1046 5061 pereat.
1102 4965 1218 5038 Antea
1341 4991 1464 5053 scrupos
1481 4989 1509 5040 tn
1526 4991 1644 5054 rusque
1661 4991 1711 5040 uu.
1728 4989 1915 5040 invertuntur.
1933 5015 1968 5026 -
1997 4988 2074 5038 nens
2089 4975 2225 5048 quoquen-

223 5069 318 5170 cives
347 5071 446 5143 iuxta
477 5069 640 5142 decurias
668 5096 819 5142 munera
849 5069 1079 5156 obeuntium.
1112 5095 1220 5164 pecu·
1338 5053 2113 5192 ξὲξθᾟθξξῆηέἧζὲῗέξξίζ’ωὲᾘζέζξᾱᾙ
2127 5047 2225 5169 fflss

223 5174 323 5246 niam
338 5171 593 5259 conferebatis‚
624 5196 722 5244 nunc
744 5174 953 5247 dissidentes
979 5174 1074 5244 inter
1097 5197 1135 5244 se
1160 5173 1219 5243 de·
1339 5197 1704 5258 ratesponensem,
1723 5197 1818 5258 esse,
1838 5195 1931 5258 aser,
1951 5195 2042 5258 sess,
2061 5189 2144 5254 ram,
2161 5177 2228 5238 ¹³⁸2.

1340 5277 1421 5329 quen
1439 5266 1528 5330 primo
1545 5267 1607 5317 loco
1624 5265 1763 5324 dedlnns,
1785 5265 1895 5316 onutno
1912 5262 2056 5316 consentit

604 5387 606 5391 v
1303 5351 1355 5412 7³)
1372 5351 1442 5402 itote
1459 5351 1574 5401 exordio
1590 5350 1619 5400 ln
1636 5351 1722 5404 rests
1740 5351 1834 5415 tosti,
1854 5349 1931 5404 1647.
1954 5347 2089 5410 sdaerlpts
2103 5343 2140 5392 est
2154 5339 2224 5385 ΜΘ·

258 5425 309 5488 ⁷⁰)
326 5427 360 5481 ΙΙ.
372 5427 394 5483 l.
407 5433 501 5484 enuot.
513 5428 649 5495 meratus
667 5427 805 5494 restores
816 5424 1010 5479 murman
1026 5435 1093 5477 esse
1108 5425 1217 5480 bellun·
1340 5419 1411 5471 tstto
1428 5419 1609 5486 neruosus:
1639 5421 1789 5476 Exordium
1806 5421 1850 5473 est
1868 5417 2040 5478 mostello,
2066 5410 2181 5473 ...pter
2193 5397 2221 5448 'l

228 5330 434 5350 m
