4548 5788
253 180 330 256 aas
465 165 472 171 “
816 167 1750 276 rnunnusmmraemaonnama„
2177 177 2230 252 ns

251 353 401 426 infamia
415 350 552 434 notati,
585 372 655 444 qua
679 349 824 422 tandem
849 344 981 438 iniuria
1008 342 1251 440 quaestam)
1303 343 1717 429 commoveantiudie'es,
1736 347 1831 414 etad
1845 343 2233 422 miserirordiamllsttant

251 471 286 530 te
311 457 488 528 adlectum
513 477 607 536 esse,
642 442 727 522 cum'
749 451 863 520 etiam
883 452 1162 532 condemnatus,
1193 447 1250 516 ni·
1302 445 1369 514 llic
1384 447 1485 516 nullo
1500 442 1635 518 bormn
1651 449 1817 518 locorum
1836 449 1891 518 uti
1906 461 2042 539 potest,
2063 446 2234 524 omniabaet
2255 499 2256 546 p

251 555 449 630 hilouainus
467 581 506 628 ea
526 580 630 647 agas,
657 577 749 648 quae
770 553 881 624 licent
904 548 980 637 his,
1014 575 1171 647 quorum
1195 549 1249 621 iu·
1302 548 1407 618 video
1422 550 1456 620 ei
1470 551 1671 643 periculosa
1687 563 1724 620 et
1738 562 1936 643 praerupta
1949 575 1992 620 ae
2004 552 2168 643 voragines
2180 579 2235 628 ease

252 676 351 755 tegra
377 661 531 752 dignitas
550 670 613 730 est.
679 653 755 728 lam
780 669 816 726 et
837 652 907 728 hoc
933 654 1178 737 considerate,
1219 650 1249 724 si
1299 651 1395 722 Nam
1411 675 1504 747 quae
1519 657 1647 724 merita
1664 655 1779 746 patris
1795 655 1951 737 adferet,
1977 677 2079 748 quem
2092 679 2162 738 ros,
2181 659 2235 750 quia

252 763 379 834 vicerit
402 761 630 842 Aristonem,
670 759 758 854 quid
782 761 944 830 futurum
968 759 1029 830 sil.
1089 756 1129 826 Si
1152 756 1248 826 enim
1298 754 1448 848 capitali
1479 756 1614 826 iudicio
1642 759 1860 840 damnastis,
1900 755 2099 850 improbum
2123 771 2151 826 et
2177 759 2236 827 indi

252 868 369 938 deleto
390 861 498 936 huius
524 863 672 935 nomine
696 863 914 934 inscribatur
929 859 1075 942 arina,
1102 884 1249 954 quaeso,
1298 881 1411 949 gnum
1435 853 1504 928 hac
1527 859 1672 930 civitate
1694 885 1769 931 esse
1786 859 1992 932 statuistis?
2042 861 2106 930 Sed
2123 884 2174 930 sua
2191 863 2256 932 rita'

251 983 374 1044 utrum
391 969 442 1052 is,
468 966 568 1038 cuius
583 978 786 1057 exemptum
801 989 844 1036 ex
859 964 1009 1038 aerariis
1029 985 1164 1033 nomen
1185 973 1249 1046 est,
1300 984 1382 1030 eum
1400 961 1572 1046 tuebitur,
1596 961 1628 1032 si
1641 963 1786 1057 quidem
1803 963 1916 1056 prtn's
1931 960 2102 1032 memoria
2113 987 2175 1031 non
2188 965 2236 1032 snb
2255 1003 2256 1056 3

251 1074 380 1144 debeat
396 1069 545 1164 postea?
573 1081 607 1139 et
631 1069 746 1138 donec
767 1067 863 1140 inter
886 1067 1044 1140 aerarios
1067 1079 1139 1151 est,
1173 1087 1249 1136 non
1300 1063 1422 1143 levat;
1474 1088 1599 1136 verum
1642 1060 1731 1136 haee
1765 1065 1977 1162 neutiquam
2009 1067 2149 1136 secunda
2176 1061 2256 1148 lana}

252 1173 381 1246 debet?
432 1172 526 1246 Nam
559 1167 629 1242 boc
657 1171 732 1262 agit
752 1169 997 1262 Aristogiton,
1038 1183 1102 1252 ut,
1134 1168 1248 1238 donec
1300 1177 1480 1236 transacta
1494 1181 1557 1238 est.
1599 1166 1670 1238 Sed
1686 1168 1896 1241 collationes
1912 1168 2083 1261 pecuniae
2101 1168 2237 1257 allegabit?

251 1277 413 1348 aerarius
429 1287 501 1361 est,
526 1299 603 1344 non
618 1273 665 1344 sit
681 1273 843 1357 infamis,
868 1273 1014 1367 quodsi
1036 1296 1112 1342 uon
1127 1283 1180 1343 est
1194 1271 1248 1340 in·
1300 1268 1483 1361 patrisne?
1536 1270 1647 1342 Cuius
1661 1271 1800 1342 nullum
1817 1273 2029 1344 beneficium
2046 1271 2083 1342 in
2098 1271 2256 1360 campelli}

249 1378 431 1476 famis“)‚
456 1379 571 1448 donec
589 1377 748 1446 aerarius
768 1387 840 1459 est,
865 1375 998 1447 scilicet
1015 1375 1159 1446 infamis
1181 1375 1249 1444 erit
1300 1396 1377 1442 cam
1402 1397 1687 1444 commemorare
1703 1388 1834 1468 potest.
1881 1377 1940 1444 An
1962 1373 2070 1446 suas?
2094 1373 2256 1442 vernabit

250 1495 438 1574 exemptus
453 1507 496 1552 ex
518 1478 690 1550 aerariis?
741 1478 854 1574 Atqui
877 1473 946 1550 hoc
967 1479 1162 1550 absurdum
1184 1490 1248 1548 est.
1299 1497 1375 1544 non
1388 1475 1618 1560 collationes,
1642 1479 1705 1548 sed
1721 1479 1939 1562 delationes,
1964 1477 2159 1548 vadimonia
2172 1488 2237 1544 etat·

251 1586 369 1658 l'orro
384 1596 471 1654 tunc
485 1583 614 1654 debere
638 1580 794 1666 desinet,
825 1606 913 1652 eum·
928 1605 1064 1652 nomen
1088 1581 1164 1652 eius
1186 1582 1249 1651 de·
1300 1579 1523 1665 curationes,
1555 1580 1686 1674 quibus
1709 1583 1827 1651 vexati
1848 1581 1943 1652 cives
1963 1593 2067 1668 sunt,
2099 1577 2239 1672 reperietis.

194 1753 197 1756 .
250 1689 362 1761 letum
376 1687 505 1772 suerit,
530 1707 643 1782 quare
658 1685 793 1754 interea
810 1685 896 1754 dum
915 1684 1062 1756 identat
1084 1685 1122 1754 in
1146 1684 1248 1754 tabu·
1299 1680 1369 1752 Sed
1384 1681 1423 1752 in
1440 1695 1677 1774 cognatorum
1698 1683 1893 1776 dignitate,
1926 1684 1991 1779 qui
2012 1707 2080 1777 pro
2102 1707 2140 1752 eo
2159 1683 2239 1772 depre

250 1789 316 1875 lis,
342 1791 458 1860 debet.
510 1787 580 1866 Sed
596 1788 676 1884 quis
693 1785 824 1858 eximet
837 1786 913 1858 eius
928 1811 1064 1858 nomen
1083 1812 1126 1858 ex
1147 1809 1249 1858 aera·
1300 1793 1448 1868 cantur,
1474 1809 1574 1879 spem
1596 1785 1755 1882 aliquam
1769 1787 1895 1859 salutis
1910 1787 2070 1880 positam
2083 1781 2182 1855 babet
2204 1781 2239 1850 a·

142 1907 150 1918 ‘
251 1892 341 1965 riis?
392 1890 434 1962 ld
450 1891 585 1962 civitati
601 1915 709 1962 curae
725 1890 813 1974 erit,
839 1913 904 1960 nee
924 1901 977 1962 est
996 1889 1161 1982 privatae
1184 1914 1248 1982 po·
1300 1884 1364 1981 qui
1380 1887 1499 1960 nullos
1513 1913 1676 1986 unquam
1700 1886 1828 1963 babuit
1850 1903 2043 1984 cognatos,
2075 1903 2115 1960 ut
2132 1888 2241 1982 quiana

251 1994 388 2069 testatis
402 1994 556 2065 eximere
573 2017 707 2066 nomen
725 2015 767 2063 ex
783 1991 944 2064 aerariis.
997 1991 1075 2064 lloc
1092 2015 1180 2064 vero
1193 1993 1248 2062 in·
1300 1989 1347 2061 sit
1363 1991 1552 2083 ingenuus.
1602 1989 1714 2064 Adest
1729 1993 1763 2064 ei
1777 2007 1900 2067 tamen
1920 1993 1961 2062 in
1984 1989 2056 2064 hoc
2075 1990 2185 2064 iudicio
2199 1987 2240 2056 ln

250 2097 484 2184 iustissimum
517 2109 589 2180 est,
622 2121 705 2168 eum
727 2094 766 2164 in
788 2095 922 2168 iudicio
944 2095 1142 2188 periculum
1167 2119 1249 2188 par·
1301 2105 1373 2178 ter,
1401 2115 1510 2189 aquo
1530 2107 1634 2166 antea
1662 2095 1700 2164 in
1723 2100 1884 2191 quodam
1905 2097 2043 2168 iudicio
2065 2107 2188 2164 vexatas
2204 2102 2240 2168 ot

250 2201 317 2272 tim
331 2199 476 2285 salutis,
500 2200 634 2291 partim
652 2198 837 2292 dignitatis
860 2221 981 2270 creare
1006 2198 1093 2283 illis,
1124 2209 1147 2268 ε’
1170 2199 1248 2293 qui·
1300 2199 1433 2290 dequo
1450 2197 1538 2292 quid
1553 2198 1652 2268 aliud
1668 2199 1784 2270 dicam
1800 2223 1911 2295 quam
1925 2201 2075 2270 fratrem
2093 2221 2174 2277 esse,
2197 2215 2240 2262 ml

249 2305 317 2375 bus
340 2326 460 2374 rerum
487 2303 693 2394 capitalium
713 2301 972 2373 condemnatus
1002 2314 1066 2374 est.
1130 2301 1248 2395 Quem
1300 2301 1411 2368 modo
1427 2323 1660 2392 germanum,
1686 2303 1748 2372 sed
1770 2304 1877 2378 etiam
1901 2302 2109 2396 genuimm.
2160 2297 2241 2364 llittl

252 2405 348 2478 enim
364 2404 458 2498 leges
472 2417 595 2476 vetant
621 2404 753 2474 civium
777 2405 856 2474 iure
881 2403 952 2490 uti,
988 2403 1017 2477 is
1041 2404 1249 2476 insanabili·
1301 2413 1442 2472 caetera
1456 2403 1761 2496 praetermittam,
1784 2431 1866 2478 eum
1882 2406 2103 2478 occidissetis
2116 2401 2241 2472 scelestae

249 2511 317 2581 bus
348 2509 452 2579 malis
478 2521 631 2578 conatur
664 2507 754 2578 alios
781 2509 933 2580 afficere.
999 2508 1107 2600 Quod
1123 2517 1248 2604 quani
1301 2505 1399 2574 illam
1422 2509 1616 2578 veneficam
1642 2505 1832 2578 Lemniam
1847 2508 1916 2605 ⁸⁸),
1954 2509 2048 2580 emit
2076 2511 2241 2582 venenat

250 2624 357 2704 turpe
384 2610 450 2693 sit,
491 2635 601 2705 quam
629 2610 837 2683 alienarum
866 2610 1052 2681 civitatum
1075 2611 1250 2695 moribus,
1301 2608 1642 2706 incantationum)
1665 2613 1713 2682 ab
1738 2612 1834 2685 illius
1858 2611 2011 2698 ancilla,
2049 2600 2242 2708 quaedem

252 2737 361 2808 quam
393 2713 657 2806 perniciosum,
697 2709 791 2782 nihil
820 2713 949 2784 attinet
977 2713 1106 2787 dicere,
1169 2712 1247 2806 Ego
1301 2735 1380 2784 aera
1401 2712 1549 2783 domina
1574 2712 1749 2786 indicium
1770 2717 1923 2799 lecerat,
1956 2739 2110 2811 eramque
2130 2705 2241 2804 prodite

252 2840 334 2888 eum
349 2811 419 2886 hoc
436 2816 624 2888 considero
632 2814 701 2913 ⁸⁶),
728 2817 866 2888 coelum
889 2830 1007 2892 terrae
1031 2815 1174 2888 misceri
1196 2817 1250 2886 vi·
1300 2828 1377 2900 ret,
1403 2839 1447 2886 ex
1461 2841 1531 2912 qua
1548 2817 1681 2889 liberos
1695 2819 1768 2909 ⁸iste
1786 2819 1954 2912 suscepit.
2015 2819 2117 2892 Nunc
2134 2814 2241 2882 incana·

251 2921 332 2994 deo.
361 2918 489 3012 Qualis
506 2932 626 2990 autem
642 2918 750 2990 luerit
767 2919 928 2992 conlusio
943 2943 1084 3006 rerum,
1107 2920 1137 2992 si
1152 2931 1247 2992 terra
1301 2918 1417 2990 tiones
1433 2931 1469 2990 ει
1480 2919 1672 3014 praestigia
1690 2923 1737 2991 ad
1754 2935 1942 3017 quaestum
1960 2921 2132 3002 eontulit,
2153 2927 2182 2984 et
2193 2931 2241 3004 ιιι

251 3047 392 3096 sursum
409 3021 591 3114 rapiatur,
617 3022 756 3094 coelum
778 3022 895 3096 irnmt
915 3023 955 3092 in
979 3036 1094 3094 terrae
1116 3023 1249 3094 locum.
1300 3023 1422 3093 litetur
1445 3045 1483 3095 se
1504 3025 1683 3095 medicum
1707 3046 1854 3110 eorum,
1887 3027 1951 3121 qni
1973 3022 2143 3096 mmitiali
2160 3012 2241 3086 morbo

252 3123 323 3196 Sed
339 3120 448 3208 haec,
474 3125 615 3220 inquiet
631 3125 782 3219 aliquis,
808 3127 886 3196 lieri
902 3138 1096 3222 nequeunt.
1132 3122 1248 3196 lmmd
1300 3125 1491 3213 laborant,
1519 3127 1701 3220 cnm2ipse
1721 3129 1774 3200 sie
1799 3129 1967 3200 omnibus
1991 3129 2103 3198 animi
2124 3121 2198 3192 vitiis
2213 3115 2241 3182 lt·

251 3239 328 3298 tum
346 3226 489 3297 misceri
506 3241 541 3297 et
556 3229 727 3299 conlundi
748 3229 869 3298 omnia
888 3228 1109 3313 existimate,
1136 3253 1249 3323 quan·
1300 3229 1416 3300 bonet.
1482 3229 1644 3302 Huiuane
1676 3233 1823 3302 venelici
1848 3257 1972 3326 preces
1995 3233 2092 3326 apud
2115 3249 2168 3296 ans
2186 3217 2242 3286 ult

252 3331 299 3400 do
322 3341 462 3400 vestrae
484 3331 681 3400 sententiae
705 3331 895 3402 absolvunt
917 3356 997 3417 eos,
1040 3357 1131 3425 quos
1154 3332 1249 3424 leges
1301 3331 1415 3410 bunt?
1461 3358 1568 3427 quem
1596 3334 1628 3405 si
1658 3335 1739 3429 quis
1768 3336 1909 3421 videat,
1957 3349 2129 3430 tanquam
2155 3323 2241 3396 malm

251 3433 559 3517 condemnarunt,
587 3435 733 3526 quando
751 3432 964 3524 improbitas
979 3434 1130 3506 virturis,
1146 3458 1248 3526 prae·
1302 3458 1409 3504 omen
1424 3449 1629 3520 aversetur,
1653 3437 1773 3530 potius
1787 3465 1895 3534 quarn
1906 3435 2138 3512 'salutandum
2151 3427 2243 3498 indict

253 3535 325 3606 mia
340 3535 541 3628 intercipit,
567 3531 756 3606 ethonore
773 3537 957 3618 adficitur;
984 3549 1151 3620 econtra,
1171 3537 1249 3627 'vir-
1302 3538 1365 3632 qui
1395 3537 1433 3608 in
1456 3563 1493 3609 se
1516 3539 1593 3631 ipse
1618 3541 1807 3633 capitalem
1833 3565 1991 3634 poenam
2012 3543 2053 3612 in
2077 3540 2134 3608 illo
2156 3523 2241 3601 iudicia

253 3652 310 3712 tus
343 3638 554 3730 conspuitur
568 3637 615 3735 ¹⁸⁶)
647 3652 682 3710 ει
710 3639 972 3723 contemnitur,
1014 3642 1160 3734 quando
1194 3641 1249 3714 ius
1302 3642 1506 3726 constituit,
1532 3667 1612 3714 cum
1629 3645 1778 3714 fratrem
1798 3658 1991 3718 accusaret.
2044 3625 2241 3716 Postrem'l

251 3755 288 3812 et
302 3743 443 3834 publica
459 3742 595 3813 utilitas
611 3741 747 3812 invidia
762 3742 1024 3841 vincuntuc⁸⁷).
1058 3744 1248 3816 Postremo
1302 3766 1394 3838 quae
1417 3747 1566 3840 reliquis
1597 3747 1765 3819 omnibus
1796 3751 1989 3843 decapite
2017 3735 2241 3842 periclitanti&

252 3869 400 3926 eorum,
433 3845 495 3938 qui
521 3844 558 3914 in
580 3845 720 3916 iaaaliciis
746 3845 1013 3936 periclitantur,
1047 3859 1083 3918 et
1104 3871 1247 3918 eausam
1301 3853 1574 3940 spemsaeiunt,
1600 3877 1711 3922 nona
1734 3876 1818 3937 reo,
1852 3857 1914 3923 sed
1939 3879 1960 3922 a
1984 3853 2136 3922 iudicum
2157 3849 2240 3910 natan

253 3959 373 4018 tenere
402 3971 477 4016 non
509 3960 676 4039 possunt,
716 3948 955 4018 animadverti
987 3949 1077 4020 alios
1104 3974 1248 4042 sperare
1302 3954 1412 4024 domo
1431 3957 1470 4026 in
1491 3957 1612 4026 lorum
1635 3955 1761 4041 allata,
1787 3957 2055 4040 misericordia,
2081 3948 2186 4024 senia,
2205 3933 2241 4004 ll?

252 4049 462 4142 dignitatem
479 4063 663 4120 anteactae
681 4052 775 4120 vitae
799 4051 978 4142 praesidio
1001 4052 1070 4122 sibi
1089 4054 1248 4124 futuram
1302 4060 1476 4145 manitas,
1515 4056 1602 4130 haec
1632 4057 1732 4128 nullo
1759 4063 1871 4130 modo
1901 4063 1955 4131 fas
1979 4073 2033 4132 est
2059 4069 2117 4126 aut
2137 4057 2240 4138 aequm

252 4177 346 4238 esse,
374 4153 463 4224 alios
479 4153 656 4222 confidere
674 4153 860 4222 nobilitate
879 4167 916 4222 et
940 4155 1119 4226 maiorum
1143 4155 1250 4224 meri·
1301 4159 1538 4257 Aristogitoni
1563 4167 1753 4256 prodesse,
1786 4164 1892 4258 quia,
1928 4163 2027 4258 quali
2041 4158 2175 4256 quisque
2191 4159 2239 4228 erga

252 4257 316 4341 tis,
343 4256 432 4328 alios
448 4256 521 4328 suis
545 4282 627 4347 erga
647 4256 906 4348 rempublicam
930 4257 1129 4341 benefieiis,
1156 4281 1249 4352 quae
1303 4267 1393 4338 alios
1413 4269 1538 4337 animo
1563 4279 1633 4350 est,
1667 4267 1731 4335 tali
1753 4268 1874 4336 auimo
1897 4267 2052 4338 vicissim
2073 4281 2147 4351 erga
2165 4253 2240 4341 ipsun

252 4433 458 4447 ...........
1189 4377 1193 4384 '
1303 4393 1457 4465 aequum
1475 4383 1528 4440 est
1542 4370 1623 4441 illos
1637 4393 1723 4440 esse.
1776 4371 1971 4463 Quomodo
1996 4381 2110 4439 antem
2132 4357 2240 4456 adstiti?

287 4527 357 4593 332)
377 4529 519 4595 querens]
538 4529 589 4580 Ed·
609 4527 685 4580 ¹527·
703 4526 856 4592 quaereris.
1304 4487 1356 4544 est
1367 4474 1591 4564 Aristogiton
1608 4494 1691 4564 erga
1710 4472 1916 4567 omnes”)?
1966 4469 2109 4542 luvatne
2132 4481 2194 4530 eum
2210 4469 2238 4510 ιι·

287 4617 338 4676 04)
358 4617 391 4668 fl,
411 4618 429 4665 1,
455 4617 483 4665 ὴ,
501 4615 586 4668 Em
609 4613 701 4680 pm,
727 4615 803 4666 latr.
827 4614 895 4666 ,m
918 4615 1052 4680 mm„
1078 4612 1110 4663 m
1132 4612 1251 4676 „amp
1303 4578 1387 4648 dere
1403 4579 1493 4648 alios
1509 4577 1677 4648 florentes
1693 4576 1820 4667 opibus
1836 4601 1878 4646 ae
1892 4572 2089 4667 dignitate?
2117 4575 2168 4636 aut
2182 4567 2236 4650 qssl‘

322 4683 462 4766 prioribus
480 4685 589 4735 iudiciis
607 4685 824 4748 condemnatus,
859 4695 913 4733 non
938 4685 1015 4734 volet
1039 4680 1150 4734 intents
1175 4693 1251 4748 esse,
1304 4681 1419 4750 officia
1450 4679 1529 4750 aliis
1561 4679 1822 4762 communicat,
1863 4693 1911 4766 utp
1936 4678 2049 4748 videri
2071 4673 2135 4744 vlla
2155 4663 2236 4750 dignu

324 4766 375 4804 nee
392 4757 481 4805 motus
498 4756 533 4806 ab
551 4754 685 4806 Aristone
702 4754 779 4804 volet
795 4752 907 4804 intanta
925 4751 1028 4804 bobert

286 4841 390 4961 85}th
407 4841 474 4960 illm
491 4842 577 4895 zditt
599 4841 690 4910 tm,
717 4839 792 4891 154⁷.
809 4842 878 4890 note
895 4839 1033 4904 margin:
1066 4839 1250 4904 ausimano

359 4921 409 4960 sur
439 4948 446 4962 .

1303 4786 1434 4876 possit,
1461 4809 1542 4854 cum
1558 4809 1601 4854 ex
1617 4782 1770 4852 aliorum
1785 4781 1888 4854 malis
1902 4781 2013 4852 vitam
2039 4801 2129 4852 suem
2148 4773 2236 4838 susten·

287 4997 340 5056 86)
360 4995 533 5057 conspuitur]
557 4995 598 5044 sto
615 4994 701 5045 natet.
724 4992 918 5048 tarr-mee.
943 4997 993 5055 (=
1009 4993 1087 5046 Dan.
1106 4987 1250 5058 inrisam
1336 4994 1391 5081 88),
1404 5024 1463 5073 fl„
1480 5023 1552 5072 du„
1571 5033 1654 5072 ,om
1677 5020 1706 5071 p„
1723 5019 1810 5071 mg·
1830 5017 1924 5082 qm,
1951 5011 2130 5069 ιδῃ-1587,
2150 5005 2172 5054 na
2187 4999 2232 5047 ιιι·

321 5063 372 5116 El·
394 5064 468 5116 ¹⁵²7·
488 5064 666 5127 0ιιιιιιιῑΰῐῑῑῑιι
1148 5093 1153 5102 ’
1373 5093 1438 5158 gine
1456 5092 1497 5141 ste
1515 5093 1695 5154 repetuntur:
1723 5089 1838 5143 Lemnia
1855 5089 1988 5140 veneten.

285 5148 1251 5284 winili:‘allatldllliulmliet'ralrltizslilagilial“maliciorlllalnli
1336 5177 1643 5300 fflaetlioqopptattoaes]
1662 5176 1704 5228 ⁸¹⁰
1722 5175 1806 5228 matt.
1827 5173 2033 5238 tut-¹⁵⁸&
2063 5169 2107 5222 Et
2123 5156 2181 5216 ¹⁵²⁷·
2193 5157 2224 5200 ⁶¹⁵

321 5285 778 5422 itt‘lttltitflal‘l'a‘tllltl;
795 5289 861 5407 „ll
872 5286 1249 5421 ,fitillbbl'l'ssttt
1335 5337 1385 5395 aa)
1403 5337 1438 5388 11.
1450 5337 1470 5387 ι.
1484 5333 1609 5385 annaio.
1621 5332 1708 5407 assa,
1729 5329 1803 5384 ιω.
1820 5331 1888 5382 noa
1900 5329 2031 5396 nam:
2048 5299 2232 5378 „smne

262 5413 265 5421 '
322 5432 394 5472 esse.
1335 5421 1385 5484 w)
1403 5423 1438 5474 ll.
1458 5422 1477 5474 l.
1493 5421 1524 5474 in
1540 5421 1625 5472 nean.
1647 5419 1743 5485 lm,
1762 5418 1839 5472 loti.
1858 5419 1927 5471 »atr
1943 5415 2070 5482 uerat
2088 5404 2166 5460 Ulli·
