4608 5792
217 142 346 254 'scs
844 155 1719 246 run.um.sm1rrsruuouoorcn
1817 237 1822 246 ,
1934 231 1940 244 ,

267 343 466 423 rethorum
486 341 626 424 oratio,
647 351 683 410 et
697 337 729 411 si
742 333 1068 410 fuissentdiversae
1092 333 1137 404 de
1159 355 1264 426 prae-
1312 330 1451 425 populo
1471 325 1708 403 Atheniensi?
1767 329 1912 402 Etenim
1925 355 2018 402 non
2040 335 2160 404 modo
2193 335 2228 402 ci

268 451 383 527 cuniis
396 445 568 518 faciendis
580 444 693 535 leges,
717 435 1044 534 deprehendissent¹
1055 460 1115 508 eas
1139 459 1263 508 censo·
1313 435 1376 506 sed
1393 457 1438 504 ne
1453 433 1617 527 privatus
1632 433 1778 528 quidem
1793 435 1887 506 ullus
1901 444 1977 504 tam
2002 435 2185 507 sordidus

266 581 345 639 res,
381 554 547 643 factaque
576 556 752 640 potestate
776 541 954 614 latoribus
974 541 1114 632 legum,
1154 550 1197 610 ut
1218 538 1263 608 de
1314 549 1356 608 ut
1377 539 1551 606 coronam
1575 562 1597 607 a
1619 561 1656 610 se
1680 538 1853 608 donatam
1882 537 1991 608 simul
2011 561 2053 607 ac
2076 563 2229 632 praeco

266 682 331 733 sua
345 656 423 747 lege
437 651 588 750 quisque
603 633 737 720 diceret
750 670 818 740 pro
843 645 1034 728 concione,
1065 644 1178 712 altera
1202 640 1264 710 ab·
1313 640 1448 711 lactum
1463 638 1528 724 sit,
1552 663 1676 711 rursus
1693 639 1841 714 adimat.
1885 638 2022 710 Verum
2038 642 2103 736 qui
2116 667 2223 714 coro

267 771 395 852 rogata
410 767 520 840 esset,
543 751 602 822 vel
620 773 712 846 quae
736 748 914 843 permittit
936 747 974 817 in
995 741 1135 816 theatro
1159 765 1265 836 prae·
1314 736 1518 834 hospitibus
1540 742 1681 814 decreta
1706 754 1780 827 est,
1816 743 2036 814 consecratio
2059 745 2244 816 instituta

221 939 224 944 ,
269 859 373 936 conia
387 857 485 942 lieri,
508 856 566 926 vel
581 877 673 948 quae
690 865 798 925 vetat.
836 849 972 922 Verum
990 873 1073 920 curn
1087 846 1158 952 tale
1172 841 1264 916 nihil
1315 867 1361 916 ne
1378 843 1458 939 quis
1474 839 1658 938 hospitum
1677 845 1966 916 benevolentiam
1992 846 2105 940 pluris
2133 873 2221 943 qua

267 961 456 1046 acciderit,
477 959 598 1051 palam
613 969 686 1041 est,
713 979 775 1027 eos
792 979 868 1024 nou
884 953 993 1024 modo
1016 951 1105 1022 falsa
1131 949 1263 1036 dicere,
1315 947 1414 1017 vium
1431 945 1565 1018 iaciens
1582 946 1805 1019 abalienetur
1819 972 1841 1018 a
1856 948 1987 1042 patria.
2046 949 2116 1020 Sed
2143 973 2260 1020 coros

267 1069 330 1142 sed
345 1063 456 1138 etiam
471 1059 720 1153 impossibilia.
1315 1072 1383 1142 pro
1399 1049 1570 1119 concione
1586 1052 1768 1122 decretam
1782 1075 1891 1122 nemo
1908 1053 2026 1124 aufert
2040 1065 2102 1124 aut
2116 1077 2222 1126 cons

370 1167 441 1240 Sed
459 1164 644 1259 quomodo
659 1158 749 1232 haec
773 1158 847 1232 sint
868 1157 1041 1240 conficta,
1073 1177 1264 1247 exponam,
1315 1153 1377 1223 sed
1392 1151 1581 1224 retinenda
1596 1153 1771 1238 traditur,
1796 1167 1925 1224 utnon
1941 1155 2058 1226 solum
2074 1157 2182 1248 ipse,
2218 1068 2260 1255 id

266 1284 461 1368 postquam
490 1265 635 1350 dixero,
673 1285 785 1359 quare
806 1262 901 1352 leges
922 1260 966 1329 de
989 1255 1190 1350 praeconiis
1212 1255 1264 1324 la·
1315 1253 1451 1348 posteri
1467 1255 1543 1327 eius
1557 1256 1659 1326 domi
1673 1269 1949 1328 monumentum
1967 1253 2142 1344 habeant,
2173 1272 2260 1354 quot

267 1375 403 1447 ciendis
419 1369 585 1442 conditae
601 1366 684 1439 sint.
736 1364 827 1436 Cum
850 1363 889 1431 in
912 1363 1000 1432 urbe
1026 1360 1102 1431 ludi
1124 1361 1264 1443 tierent,
1315 1371 1553 1444 moneantur,
1578 1371 1752 1454 quantam
1769 1361 1876 1430 lidem
1892 1361 2031 1452 patriae
2048 1358 2260 1538 debeantpuq

267 1478 417 1576 quidam
434 1469 627 1566 praeconia
651 1468 832 1539 faciebant
852 1463 928 1538 sine
952 1463 1079 1557 populi
1100 1460 1264 1546 decretis,
1316 1460 1363 1531 ob
1392 1455 1486 1530 hauc
1515 1485 1659 1533 causam
1690 1462 1821 1532 adiecit
1845 1462 2046 1555 legislator,
2084 1467 2239 1558 pereg'

265 1576 638 1670 renuntiabauturque
652 1593 808 1643 coronae
821 1567 994 1662 privatim
1009 1567 1184 1650 decretae,
1201 1563 1264 1657 ¹vel
1316 1585 1489 1633 coronam
1506 1587 1582 1634 non
1595 1589 1669 1637 esse
1686 1565 1985 1652 renuntiandam,
2009 1566 2081 1639 nisi
2094 1567 2140 1638 id
2158 1549 2261 1640 decrl

267 1679 520 1760 atribulibus,
561 1674 619 1746 vel
640 1699 661 1745 a
686 1673 896 1767 gentilibus3
938 1669 1002 1740 alii
1027 1694 1112 1741 suos
1141 1691 1263 1768 servos
1315 1665 1366 1734 rit
1380 1667 1556 1759 populus,
1579 1680 1621 1740 ut
1634 1663 1815 1761 hospites,
1845 1667 1909 1765 qui
1931 1669 2090 1767 aliquem
2117 1697 2167 1741 ex
2191 1697 2240 1741 no

265 1781 597 1864 manumittebant,
648 1777 795 1871 eiusque
831 1770 1125 1844 manumissionis
1158 1783 1264 1844 testes
1316 1766 1452 1840 civibus
1473 1793 1649 1841 coronare
1669 1769 1840 1863 cupiunt,
1878 1771 2072 1866 impetrent
2099 1769 2181 1846 hoc
2210 1799 2230 1844 a

264 1885 425 1980 hospites
452 1881 649 1960 faciebant;
690 1879 773 1964 alii,
814 1877 912 1972 quod
935 1887 1013 1945 erat
1032 1873 1264 1960 invidiosum,
1315 1871 1423 1963 pulo,
1448 1885 1490 1942 ut
1504 1872 1594 1944 sciat
1617 1873 1667 1958 is,
1701 1875 1766 1969 qui
1786 1888 2003 1960 coronatur,
2026 1890 2073 1948 ‘se
2097 1902 2185 1948 non
2208 1879 2249 1946 m’

265 1988 514 2064 subornabant
529 1979 712 2076 hospites,
744 1979 808 2078 qui
832 2001 985 2051 coronas
1006 1977 1075 2050 sibi
1096 1979 1264 2047 decerne·
1315 1997 1393 2044 rem
1407 1974 1562 2067 gratiam
1578 1975 1681 2048 vobis
1696 2000 1805 2071 quam
1827 1972 2030 2071 hospitibus
2051 1981 2211 2064 debere,

266 2104 366 2176 rent,
391 2089 501 2183 idque
518 2086 672 2178 agebant
687 2084 764 2156 sine
780 2095 924 2154 senatus
948 2105 990 2151 ac
1012 2081 1140 2173 populi
1161 2091 1263 2150 auto-
1313 2077 1550 2171 permiseritis
1563 2079 1797 2172 praeconium
1814 2080 1906 2152 lieri.
1962 2079 2010 2153 Et
2030 2086 2137 2178 quod
2160 2108 2240 2152 vera

266 2195 392 2278 ritate,
418 2203 454 2261 et
475 2189 552 2262 sine
575 2189 720 2259 decreto
741 2199 880 2270 vestro,
912 2207 959 2254 ne
982 2184 1086 2254 vobis
1109 2181 1262 2276 gratiam
1314 2203 1415 2264 cam,
1439 2180 1534 2272 leges
1548 2181 1647 2275 ipsae
1663 2195 1768 2254 testes
1786 2195 1904 2256 eruut.
1955 2183 2046 2258 Cum
2067 2186 2186 2278 igitur
2203 2187 2234 2256 di

266 2321 335 2392 pro
358 2320 400 2366 eo
423 2289 564 2363 honore
581 2293 774 2373 deberent,
806 2289 869 2360 sed
890 2285 1029 2358 iniussu
1051 2299 1171 2358 vestro
1196 2281 1263 2358 hos
1314 2283 1360 2352 ad
1386 2282 1616 2377 decipiendos
1645 2309 1709 2358 vos
1742 2285 1851 2356 licere
1881 2309 2034 2362 coronas
2064 2288 2107 2358 in
2140 2290 2230 2360 ludis

175 2471 202 2490 ,‚
265 2398 424 2474 honores
439 2394 641 2489 rapiebant.
692 2391 747 2462 Ex
765 2415 806 2462 ea
822 2415 861 2461 re
876 2413 982 2482 saepe
998 2389 1146 2474 accidit,
1172 2399 1208 2458 et
1222 2399 1263 2458 ut
1314 2384 1502 2471 nuntiare,
1527 2387 1558 2458 si
1575 2389 1731 2482 populus
1748 2389 1962 2460 decreverit:
1989 2391 2147 2484 redigite
2169 2387 2242 2462 haec

264 2502 344 2576 ludi
369 2499 715 2580 interturbarentur,
749 2508 786 2565 et
809 2505 850 2564 ut
870 2491 1026 2584 amplior
1047 2489 1165 2581 honos
1186 2491 1263 2562 istis
1314 2489 1551 2574 memoriam,
1578 2492 1677 2586 quod
1700 2513 1776 2560 nun
1801 2491 1908 2561 liceat
1928 2517 2084 2566 coronas
2108 2495 2150 2564 in
2175 2492 2242 2564 thes

263 2603 480 2684 haberetur,
507 2622 617 2694 quarn
643 2597 773 2693 quibus
797 2595 953 2688 populus
975 2596 1182 2666 decreverat
1204 2619 1262 2665 co·
1313 2590 1544 2677 renuntiare,
1583 2595 1646 2665 sed
1676 2605 1817 2664 tantum
1846 2596 2000 2668 donatas
2027 2599 2075 2668 ab
2101 2594 2228 2691 hospiti

266 2729 389 2780 ronas.
438 2701 504 2774 Est
520 2701 616 2771 enim
630 2699 730 2798 locus
746 2710 862 2769 certus
876 2697 1103 2789 designatus,
1124 2698 1188 2769 ubi
1206 2722 1263 2768 re·
1315 2691 1385 2764 Sed
1399 2717 1480 2764 cum
1494 2695 1650 2789 populus
1666 2719 1840 2768 coronam
1854 2699 2034 2785 decrevit,
2062 2701 2140 2772 alio
2158 2697 2250 2770 loco'

265 2809 479 2882 nuntientur
495 2826 651 2875 coronae
667 2826 687 2873 a
704 2801 841 2896 populo
857 2802 1040 2886 decretae,
1069 2825 1201 2895 nempe
1223 2801 1263 2871 in
1313 2796 1402 2868 bcnt
1419 2797 1514 2888 leges
1537 2799 1770 2890 praeconium
1793 2801 1884 2874 fieri.
1947 2801 2084 2874 Vetant
2111 2804 2205 2875 enim
2228 2803 2242 2868 l

266 2913 458 2994 concione,
484 2931 551 2978 nec
567 2905 655 2977 alibi
676 2927 847 3000 usquam;
880 2903 940 2976 isti
960 2917 1080 2976 autem
1103 2904 1144 2975 in
1162 2900 1262 2975 thea-
1315 2911 1414 2970 extra
1432 2900 1654 2976 concionem.
1691 2901 1786 2974 Nam
1803 2905 1903 2998 quod
1917 2903 2110 3001 inquiunt,
2137 2929 2237 3000 nusqu

265 3029 324 3088 tro
340 3013 628 3094 coronabantur,
648 3020 781 3080 etcum
798 3007 879 3079 aliis
900 3031 944 3079 ex
964 3008 1115 3080 decretis
1135 3007 1263 3080 vestris
1315 3001 1422 3087 alibi,
1448 3004 1507 3073 vel
1521 3003 1553 3075 si
1567 3017 1643 3075 tota
1661 3005 1719 3074 die
1744 3007 1938 3093 cavilleris,
1971 3022 2099 3080 tamen
2124 3011 2210 3081 elabi
2226 3031 2242 3075 u

266 3121 522 3190 decerneretur
541 3109 679 3196 honos,
711 3110 771 3184 isti
792 3110 869 3182 sine
900 3112 1044 3182 decreto
1074 3111 1265 3205 rapiebant
1315 3105 1470 3198 poteris,
1496 3131 1570 3203 quo
1583 3107 1851 3204 minussscontra
1873 3111 1968 3203 leges
1990 3112 2175 3207 scripsisse
2194 2911 2263 3292 pp}

256 3235 365 3293 eum.
415 3215 515 3305 llaec
530 3240 611 3286 cum
633 3214 764 3308 aliquis
785 3213 1116 3300 animadvertisset,
1147 3216 1263 3306 legem
1315 3207 1377 3280 ris·
1434 3209 1591 3306 Reliqua
1613 3235 1697 3304 pars
1717 3223 1770 3284 est
1792 3212 1963 3299 actionis,
1995 3213 2034 3285 in
2063 3242 2136 3312 qua
2161 3241 2194 3284 m
2231 3213 2236 3226 '

266 3323 351 3396 tulit
366 3315 459 3390 nihil
476 3317 716 3412 pertinentem
732 3317 779 3384 ad
799 3338 881 3401 eos,
915 3315 979 3410 qui
1001 3341 1021 3385 a
1042 3318 1180 3410 populo
1205 3340 1264 3386 co·
1315 3305 1408 3380 mihi
1419 3311 1663 3386 laborandum
1681 3337 1756 3386 esse
1770 3314 1953 3409 intelligo,
1985 3342 2120 3412 nempe
2136 3321 2176 3388 de
2189 3297 2263 3390 causti

266 3435 466 3506 tonantur,
492 3443 610 3515 neque
626 3418 767 3490 solvens
779 3416 917 3509 legem,
949 3441 1042 3511 quae
1058 3421 1102 3489 de
1117 3419 1187 3491 illis
1202 3443 1263 3490 ex·
1314 3424 1591 3511 propterquam
1614 3440 1749 3488 corona
1771 3417 1912 3490 decreta
1933 3432 1997 3492 est.
2059 3422 2119 3494 Sic
2141 3411 2263 3492 enimet

199 3567 204 3579 ν
266 3540 340 3609 tat;
389 3521 635 3619 nequeenim
669 3519 794 3614 concio
822 3519 1152 3607 interturbabatur,
1201 3523 1264 3593 sed
1315 3515 1533 3604 inuenero,
1555 3531 1592 3590 et
1609 3543 1741 3614 praeco
1757 3522 1940 3594 renuntiet
1959 3523 1999 3594 iu
2021 3519 2163 3596 theatro
2184 3537 2260 3590 cotan

266 3631 363 3711 ludi;
387 3651 505 3722 neque
517 3626 575 3695 lex
591 3623 711 3719 aliqua
729 3623 909 3694 contraria
930 3624 1111 3696 veteribus
1131 3625 1263 3719 scripta
1316 3618 1483 3706 Graecis,
1509 3623 1608 3716 quod
1634 3635 1784 3694 coronet
1805 3648 1887 3696 eum
1910 3627 2068 3719 populus
2083 3615 2260 3698 Atheniensi

267 3747 338 3814 θεὴ
361 3752 480 3827 neque
499 3729 595 3798 enim
612 3728 696 3796 licet
706 3722 776 3796 hoc
792 3725 882 3812 fieri,
907 3727 970 3798 sed
981 3728 1055 3799 lata
1070 3741 1123 3800 est
1135 3730 1179 3799 de
1196 3725 1264 3815 his,
1315 3722 1459 3795 virtutis
1476 3748 1602 3811 causa,
1628 3738 1664 3795 et
1683 3727 1857 3813 maxime,
1891 3729 1976 3823 quia
1997 3740 2194 3822 perseveret
2213 3743 2259 3792 cor-

268 3837 333 3932 qui
355 3833 431 3906 sine
453 3831 581 3902 vestris
602 3828 753 3900 decretis
782 3841 1005 3901 coronantur
1026 3856 1047 3901 a
1072 3831 1263 3903 tribulibus
1315 3825 1466 3898 sulendo
1484 3829 1695 3923 agendoque
1709 3830 1801 3900 bene
1816 3832 1860 3900 de
1876 3833 2012 3924 populo
2028 3833 2170 3904 mereri.
2208 3825 2259 3896 Sin

267 3950 331 4010 aut
345 3933 536 4029 gentilibus
558 3932 650 4016 suis,
685 3932 787 4002 etde
810 3927 886 4016 his,
919 3932 983 4027 qui
1004 3934 1266 4007 manumittunt
1314 3930 1398 4021 plex
1415 3942 1451 3999 et
1465 3930 1580 4002 facilis
1594 3932 1640 4001 ad
1654 3931 1888 4005 iudicandum
1902 3935 2020 4006 oratio
2036 3937 2169 4030 reliqua
2182 3933 2258 3999 lutun

266 4064 409 4125 servos,
439 4036 533 4107 etde
548 4030 733 4127 hospitum
748 4035 907 4117 coronis;
941 4047 977 4105 et
993 4036 1087 4107 clare
1113 4049 1210 4108 vetat
1226 4037 1264 4108 in
1316 4042 1381 4105 est.
1445 4031 1525 4103 Hoc
1547 4033 1645 4104 enim
1667 4060 1725 4105 me
1746 4038 1934 4108 ostendere
1957 4052 2119 4132 oportet,
2148 4033 2204 4106 has
2219 4025 2258 4096 Dr

265 4141 408 4217 theatro
425 4163 546 4214 servos
560 4136 815 4209 manumittere
830 4148 894 4208 aut
910 4159 1062 4211 coronas
1077 4139 1264 4212 tribulium
1315 4129 1514 4208 mosthenis
1526 4137 1651 4208 laudes
1665 4138 1772 4210 falsas
1788 4165 1882 4227 esse,
1908 4154 1944 4213 et
1966 4144 2066 4236 quod
2085 4161 2191 4233 neque
2210 4137 2256 4198 ult

267 4261 304 4320 et
321 4244 509 4341 gentilium
531 4253 594 4313 aut
610 4241 765 4312 aliorum
786 4239 1014 4328 renuntiare,
1041 4254 1077 4312 et
1091 4255 1195 4314 notat
1209 4243 1265 4313 in-
1315 4237 1532 4332 reipublicae
1546 4239 1684 4312 utiliter
1700 4245 1938 4329 consuluerit,
1964 4269 2082 4340 neque
2105 4261 2192 4312 nunc
2209 4235 2256 4318 ³8²²

265 4350 376 4422 lamia
392 4344 673 4418 renuntiantem.
724 4343 881 4438 Quando
895 4341 1006 4435 igitur
1026 4345 1083 4416 lex
1104 4345 1205 4417 iubet
1225 4347 1264 4418 in
1316 4364 1377 4428 ea,
1410 4366 1504 4437 quae
1526 4343 1662 4437 populo
1683 4347 1900 4420 conducunt.
1959 4347 2067 4442 Quod
2089 4345 2119 4417 si
2137 4339 2197 4412 hoc
2212 4331 2255 4423 pla

266 4465 413 4535 senatu,
438 4450 478 4520 in
493 4446 668 4519 concione
682 4469 769 4516 vero
786 4447 967 4518 decretam
991 4471 1011 4518 a
1036 4449 1195 4542 populo,
1228 4463 1266 4522 et
1315 4469 1405 4516 num
1424 4447 1565 4530 fecero,
1606 4446 1684 4518 iure
1707 4445 1876 4544 Ctesipho
1905 4453 2170 4522 condemneturi
2203 4449 2253 4542 ΠΨ

267 4567 365 4624 vetat
379 4553 418 4622 in
433 4551 526 4623 ludis
542 4548 751 4622 renuntiare
765 4551 982 4620 decretama
1007 4551 1199 4624 tribulibus
1222 4577 1265 4625 ac
1316 4571 1441 4620 omnes
1466 4549 1562 4641 leges
1590 4545 1786 4642 prohibent
1815 4554 1903 4627 lalsa
1925 4553 1965 4624 in
1985 4550 2130 4648 publicis
2149 4544 2252 4614 decrett

267 4656 479 4751 gentilibus,
504 4677 550 4726 ne
564 4653 645 4749 quis
659 4651 806 4724 inanem
825 4651 1126 4726 existimationem
1142 4679 1265 4726 emen·
1314 4650 1482 4724 scribere.
1532 4651 1631 4724 Reus
1645 4667 1765 4725 autem
1787 4657 1969 4730 diversum
1995 4655 2167 4728 ostendere
2186 4637 2252 4746 deit

266 4759 394 4830 dicatis
417 4757 561 4828 coronis
583 4755 745 4850 colligat,
777 4756 866 4851 quid
888 4754 1106 4851 relinquitur
1130 4758 1202 4830 nisi
1224 4772 1266 4831 ut
1314 4753 1388 4836 bit;
1413 4767 1614 4827 vosautem
1635 4757 1679 4828 de
1698 4757 1885 4856 utriusque
1907 4760 2069 4832 oratione
2091 4737 2251 4824 iudicabittt

266 4863 373 4934 liccat
386 4855 523 4953 hospiti
539 4883 691 4932 coronas
706 4858 745 4930 in
761 4859 855 4931 ludis
871 4860 1106 4932 renuntiare?
1153 4861 1264 4956 Quod
1315 4857 1432 4930 Porro
1449 4857 1499 4930 sic
1513 4883 1551 4931 se
1566 4883 1623 4932 res
1637 4855 1783 4935 habent.

266 4978 388 5038 autem
403 4989 488 5035 vera
502 4964 633 5049 dicam,
658 4985 829 5053 magnum
846 4962 987 5054 signum
1001 4964 1103 5038 vobis
1121 4989 1162 5035 ex
1177 4965 1264 5058 ipsis
1417 4961 1534 5034 Nimis
1556 4963 1705 5056 longum
1728 4977 1837 5051 esset,
1877 4966 2079 5038 universam
2098 4955 2188 5024 vitam
2204 4938 2247 5050 ll?

266 5070 403 5162 legibus
436 5069 635 5140 ostendam.
699 5063 794 5136 Nam
822 5065 921 5134 illam
946 5068 1061 5157 ipsam
1089 5091 1263 5138 coronam
1315 5059 1513 5138 mosthenis
1527 5089 1824 5142 commemorare.
1875 5069 1974 5163 Quid
1987 5067 2076 5140 enim
2089 5075 2162 5149 opus
2174 5053 2244 5157 estu

266 5167 465 5265 hospitum,
491 5193 583 5266 quae
597 5165 741 5260 publico
757 5166 953 5261 praeconio
966 5168 1005 5238 in
1018 5169 1113 5244 ludis
1129 5173 1264 5242 donata
1314 5160 1383 5236 hac
1413 5191 1518 5240 causa
1548 5170 1699 5242 recitare
1729 5196 1792 5258 es,
1833 5197 1926 5267 quae
1956 5168 2141 5243 acciderunl
2163 5147 2204 5216 5¹¹¹
2221 5155 2244 5202 ¹¹¹

241 5343 244 5350 .
267 5287 341 5362 cst,
366 5276 424 5347 lex
437 5273 579 5344 dedicat
593 5269 781 5342 Minervae
797 5271 1004 5362 ademptam
1029 5272 1083 5358 ei,
1117 5274 1181 5370 qui
1204 5297 1264 5345 co·-
1314 5267 1456 5342 actione
1472 5274 1516 5343 de
1533 5273 1694 5360 vulnere,
1720 5275 1866 5372 quando
1881 5275 2006 5368 nepoti
2018 5292 2078 5344 suo
2091 5259 2166 5332 diem
2178 5259 2227 5332 ³P¹¹

267 5376 424 5448 ronavit.
461 5374 575 5470 Atqui
589 5372 669 5470 quis
684 5383 822 5444 tantam
836 5373 1114 5448 illiberalitatem
1129 5377 1266 5451 tribuat
1314 5375 1552 5472 Areopagitas
1573 5376 1673 5452 dixit.
1724 5378 1851 5476 Neque
1871 5381 2017 5472 prodest
2035 5369 2086 5444 hic
2104 5359 2194 5432 dicere
2210 5337 2239 5406 ‘l‘
