4676 5802
16 199 109 274 1117
142 195 264 274 XLIII.
289 195 584 274 INTERPRET.
599 197 746 274 onst.
763 195 958 273 cultus
975 195 1120 273 CONT.
1134 197 1487 275 THEMMENEM
1501 198 1566 274 EX
1581 197 1930 279 XENOPHONTE.
1959 201 2060 279 1118

15 371 74 442 cile
90 369 279 443 obtineret.
322 369 372 440 At
384 372 449 442 nbi
466 371 577 444 sensit
590 371 717 465 populi
729 373 824 443 vires
840 396 915 444 csse
929 395 1006 441 ma·
1157 371 1349 442 Praeterea
1365 369 1450 443 huic
1464 395 1484 442 a
1501 373 1651 456 ducibus
1672 374 1903 448 commissum
1924 377 2057 463 iuerat,

14 475 122 558 iores,
149 497 259 569 quam
274 483 315 544 ut
329 473 600 568 quadringentis
617 474 687 546 illis
702 476 747 545 de
762 474 916 568 imperio
934 498 1007 546 ces·
1056 495 1185 543 necare
1200 470 1457 560 Athenienses,
1483 475 1547 570 qui
1565 479 1610 546 ad
1625 475 1781 550 Lesbum
1794 502 1915 572 pugna
1931 478 2056 549 navali

16 575 154 674 surus')
170 565 369 660 videietur,
395 577 553 669 partium
570 578 697 670 populi
710 577 877 671 princeps
892 579 1007 648 iactus
1057 573 1142 644 victi
1164 589 1284 663 erant,
1317 602 1408 674 quos
1431 601 1513 650 cum
1536 603 1612 650 non
1634 580 1888 668 interfecisset,
1921 605 1968 652 ne
1985 581 2055 654 sibi

17 692 75 752 est.
127 679 247 774 Quam
261 679 308 750 ob
325 703 469 751 causam
485 677 801 776 etCothurnum⁹)
818 691 1007 765 vocarunt,
1056 677 1175 748 fraudi
1189 693 1297 765 essct,
1323 704 1399 751 non
1420 682 1601 772 paruisse,
1626 685 1733 778 duces
1757 684 1854 779 ipsos
1878 684 2057 757 accusavit

16 782 109 877 quod
124 782 269 878 utrique
286 782 371 874 pedi
389 781 487 854 iuxta
509 785 700 854 conveniat
725 779 941 868 cothurnus,
973 794 1009 852 et
1057 793 1165 874 atque
1181 782 1321 855 occidit.
1373 783 1479 855 Unde
1501 786 1653 878 adparet
1668 809 1810 881 semper
1832 811 1915 858 eum
1935 788 2058 880 priva·

16 897 132 956 tamen
147 885 267 964 neutri
281 885 367 958 satis
382 886 556 978 adposite.
1057 895 1134 954 tum
1150 887 1380 957 commodum
1396 911 1484 981 prae
1499 888 1672 982 dignitate
1684 903 1720 961 et
1737 891 1860 963 amicis
1878 885 2084 964 habuisse(

114 985 274 1059 Proinde
299 1010 376 1058 uon
398 1002 557 1061 meretur
576 987 826 1082 impunitatem
850 987 900 1072 is,
932 987 1008 1083 qui,
1058 985 1181 1080 Quare
1203 987 1313 1080 igitur
1326 991 1547 1083 parcendum
1563 991 1596 1062 ei
1611 992 1771 1085 putatis?
1829 992 1905 1066 Cur
1929 993 2055 1064 incon·

17 1115 93 1160 cum
112 1091 191 1164 aliis
207 1105 313 1164 autor
334 1092 442 1178 suerit
455 1092 591 1184 negotii
608 1092 758 1162 alicuius
780 1089 1009 1184 suscipiendi,
1058 1090 1188 1160 stantia
1207 1092 1283 1163 eius
1298 1094 1460 1185 cognita,
1486 1118 1562 1164 non
1581 1096 1795 1182 observatis,
1821 1121 1868 1168 ne
1883 1097 2054 1168 adversus

17 1195 208 1266 mutaverit
231 1196 468 1279 sententiam,
508 1195 539 1266 si
562 1194 649 1290 quid
667 1194 809 1267 adversi
830 1193 1008 1264 inciderit.
1059 1216 1126 1264 nos
1141 1219 1286 1290 quoque
1300 1195 1395 1266 idem
1413 1193 1665 1270 machinetur?

17 1295 82 1366 Sed
108 1310 186 1368 erat
204 1297 303 1368 velut
325 1299 364 1367 in
386 1297 473 1367 navi
493 1299 783 1391 perdurandum,
818 1299 934 1368 donec
955 1321 1009 1367 se-

17 1401 170 1472 cuudum
188 1413 334 1474 ventum
351 1401 448 1472 nacti
462 1400 606 1473 suerint.
664 1400 703 1472 si
725 1402 886 1486 deseras,
920 1421 1009 1495 quo·
1160 1395 1320 1470 Proinde
1334 1423 1401 1471 nos
1416 1425 1498 1472 eum
1515 1423 1721 1494 accusamus
1737 1414 1773 1472 ct
1787 1402 1999 1474 insidiarum
2021 1415 2058 1476 et

8 1507 124 1576 modo
139 1517 291 1599 possunt
304 1505 478 1578 conficere
494 1526 657 1589 cursruu,
691 1529 773 1576 cum
791 1528 877 1574 mor
890 1527 1010 1574 rccur-
1059 1501 1289 1593 proditionis.
1331 1501 1442 1598 Quod
1460 1515 1581 1576 autem
1595 1505 1725 1576 merito
1741 1505 1780 1576 id
1794 1507 1876 1592 hat,
1902 1500 1987 1577 hinc
2002 1507 2058 1576 in·

16 1621 116 1694 rant,
142 1609 206 1680 ubi
219 1606 356 1680 reflarit
372 1609 521 1681 ventus?
563 1603 639 1678 lam
654 1632 734 1678 cum
752 1607 1010 1701 rebuspublicis
1060 1602 1236 1698 telligetis.
1293 1605 1387 1678 Nam
1414 1607 1453 1677 in
1468 1606 1840 1678 Lacedaemoniorum
1861 1606 2058 1702 republica,

18 1735 56 1782 ac
72 1711 236 1806 imperiis
245 1711 293 1811 ¹⁶)
313 1713 531 1784 mutationes
554 1736 678 1783 omnes
702 1712 810 1782 caede
834 1723 1011 1796 constent,
1061 1732 1141 1778 cum
1158 1709 1204 1780 sit
1220 1708 1356 1802 optime
1372 1710 1580 1797 constituta,
1603 1712 1634 1783 si
1651 1710 1731 1807 quis
1748 1735 1791 1780 cx
1806 1707 1952 1804 ephoris
1963 1711 2058 1785 nolit

16 1815 182 1908 plurimis
197 1815 307 1888 exitio
322 1815 391 1888 suit
400 1815 642 1888 inconstantia
660 1829 743 1900 tua,
768 1814 873 1888 multi
889 1827 925 1884 te
947 1839 1010 1885 au·
1061 1813 1211 1908 obsequi
1226 1813 1392 1900 cacteris,
1415 1818 1478 1887 sed
1492 1815 1742 1908 magistratum
1758 1813 1976 1884 contumelia
1994 1815 2071 1883 ad·-

17 1931 94 1990 tore
109 1938 153 1990 ex
168 1919 403 2013 optimatibus
417 1943 437 1988 a
453 1921 556 2012 plebe
571 1919 688 1992 necati
703 1930 806 2005 suut,
839 1918 944 1988 multi
968 1941 1012 1988 cx
1060 1915 1176 2002 ficiat,
1199 1928 1237 1987 et
1252 1918 1437 2013 obstrepat
1451 1941 1576 1990 eorum
1590 1916 1761 2004 decretis,
1788 1916 1917 2009 dignus
1937 1937 2055 2010 poena

15 2023 162 2118 plebeiis
177 2025 223 2095 ab
241 2022 487 2118 optimatibus.
1062 2019 1240 2091 iudicatur
1263 2020 1371 2091 etiam
1396 2023 1441 2093 ab
1457 2015 1704 2117 ipsis'ephoris
1720 2033 1756 2092 et
1773 2044 1793 2091 a
1809 2031 1885 2091 tota
1901 2019 2058 2092 civitate.

27 2176 236 2206 ω
1060 2121 1279 2218 vosigitur,
1304 2123 1335 2196 si
1350 2125 1494 2220 sapitis,
1519 2151 1595 2196 non
1611 2125 1684 2210 iili,
1717 2125 1779 2196 sed
1792 2123 1894 2195 vobis
1910 2123 2059 2216 parcite.

49 2266 81 2331 s)
100 2266 254 2328 cassurus]
269 2263 312 2317 uc
329 2255 597 2328 recusutum,
616 2261 702 2328 tots,
721 2253 1012 2326 suseprundus,
1059 2225 1153 2300 Nam
1176 2229 1207 2301 si
1227 2223 1287 2300 hic
1307 2229 1481 2316 evaserit,
1522 2229 1646 2302 multis
1670 2229 1778 2297 addet
1802 2227 1985 2310 animum,
2016 2234 2059 2294 ut
2139 2229 2144 2234 '

84 2337 300 2461 ffl‘pffiw*
326 2334 401 2386 ¹⁵⁸⁷·
424 2333 560 2386 “mm
587 2331 795 2395 IX⁰I⁰II⁰¹¹²³
820 2331 908 2380 ”m
930 2329 1010 2378 '⁰¹¹²‘
1062 2333 1163 2406 vobis
1193 2334 1444 2414 adversentur3
1484 2333 1583 2428 quod
1612 2333 1643 2405 si
1671 2330 1913 2426 interemptus·
1937 2325 2059 2412 fuerit,

212 2401 316 2476 ᾔσθετο
332 2397 489 2455 ἀντίπαλόν
504 2418 531 2454 τι
547 2399 580 2472 τῇ
597 2393 744 2471 ὀλιγαρχίᾳ
760 2393 987 2470 ξυνισζάμνον).
1400 2434 1408 2456 .
1581 2435 1590 2455 .
1722 2431 1731 2452 .
1763 2433 1792 2477 n

49 2499 82 2557 s)
103 2497 163 2547 noc
182 2493 321 2558 mouson
334 2491 458 2544 usust
472 2489 560 2555 isse,
580 2489 667 2556 test,
688 2488 774 2554 asro,
793 2485 868 2540 isos.
887 2487 917 2537 ιιι
936 2497 1012 2538 mc·
1062 2463 1161 2530 ³P⁰¹¹¹
1176 2439 1295 2508 demet
1310 2439 1476 2510 ⁰¹¹¹¹¹¹b¹¹⁸
1491 2436 1591 2506 d⁰¹¹¹¹
1607 2460 1648 2506 ³¹⁰
1662 2436 1750 2507 f⁰f¹⁸
1794 2433 1823 2529 )·

52 2564 528 2714 logiiibbibtrttlidiithhinpsffls]
547 2644 682 2697 stonum.
693 2643 780 2706 ibib,
798 2642 873 2695 tsst.
889 2645 937 2704 (a
951 2641 1013 2693 Xe·
1689 2705 1696 2718 .

87 2723 172 2784 noph.
188 2715 366 2782 noiszesobtn
400 2715 587 2777 notuisse,
607 2711 1014 2779 1ddt.,tb?⁰.,168⁷.respu·
1098 2714 1147 2771 11)
1165 2711 1217 2763 ssis
1240 2709 1334 2762 verbis
1355 2707 1451 2762 flultur
1472 2709 1542 2758 huso
1565 2705 1655 2758 orstto
1688 2717 1717 2756 tn
1740 2702 1790 2755 td.
1816 2701 1892 2755 ιωδ,
1924 2702 1981 2760 (=
1998 2698 2060 2752 xs-

88 2791 162 2846 sitm
179 2801 214 2860 sn
229 2787 373 2854 inpsrfln
395 2785 447 2844 11,
462 2785 537 2840 Μ
555 2783 729 2848 respublicas
744 2793 778 2833 sc
794 2779 910 2849 Inperti.
1132 2780 1249 2845 nuptm
1272 2781 1383 2832 osterse
1398 2777 1483 2830 suo.
1499 2775 1620 2828 addunt:
1644 2773 1716 2828 Diri.
