4548 5788
220 149 311 260 sos
807 141 1690 231 emamusanursmanoasea
1915 209 1935 226 ..
2161 151 2213 232 as

231 317 447 438 quaenobis
460 343 539 414 non
553 317 827 408 assetiniroiea,
850 321 920 402 iste
933 323 1234 418 negabstqnsrr·
1283 331 1410 395 lmen
1433 319 1589 397 mareis
1609 315 2006 438 ingratinnrediist'r.
2046 317 2218 400 Curras

234 447 345 520 quern
375 447 533 520 aequum
566 423 722 498 iudicem
747 425 856 498 nobis
884 449 927 496 ae
945 422 1118 522 Philippo
1141 425 1233 500 iare.
1282 421 1453 498 &aeas
1485 421 1521 494 ei
1551 421 1817 514 suasanus
1845 445 1993 520 quoque
2022 423 2143 508 delicti,
2170 453 2220 502 nu

99 581 103 590 ,
231 525 354 611 Dabat
375 523 599 602 Halonesum
626 523 835 620 Philippum
875 529 941 600 iste
965 531 1112 602 vetabat
1141 527 1234 600 anei·
1283 525 1401 601 molto
1427 537 1510 618 post
1524 547 1660 600 mesos
1687 525 1735 596 sd
1759 525 1946 618 inpuinnr
1968 525 2085 600 rediit
2136 528 2221 623 laepia

233 653 342 724 pere,
364 627 530 711 sideret;
550 632 614 704 sed
626 629 658 700 si
671 632 850 715 redderet,
876 633 1043 708 censebat
1056 629 1234 724 recipien-
1284 626 1383 701 enim
1398 628 1592 716 concilium
1605 627 1816 720 inspeciem
1833 629 1874 700 in
1889 623 2071 712 Chalcide,
2091 643 2221 706 saelum

234 726 322 823 dum
338 741 432 805 esse:
464 731 515 802 ita
538 734 584 802 de
605 733 753 827 syllabis
771 733 990 826 disputabat.
1041 733 1234 808 Postremo
1283 730 1421 824 reipsa
1437 726 1508 801 hoe
1526 731 1620 823 egit,
1644 724 1889 825 utEahosrrn
1904 732 2221 806 adversariorum·

156 869 158 872 ·
235 829 429 935 decernens
451 859 606 925 coronas
630 832 707 922 his,
737 836 801 931 qui
823 850 950 910 contra
969 835 1099 910 ioedus
1119 831 1235 910 Thes·
1284 845 1361 918 ret,
1385 845 1422 908 et
1440 833 1510 906 sibi
1532 832 1762 926 tyrannidem
1783 833 1981 920 stabiliret,
2005 857 2138 928 sperem
2153 861 2180 908 se
2193 841 2222 908 al

234 935 344 1028 saliae
365 933 500 1011 bellum
521 937 741 1024 intulerant,
770 963 896 1032 pacem
921 939 1167 1036 perturbavit,
1197 949 1236 1010 et
1285 960 1366 1008 eam
1397 957 1477 1008 rem
1509 932 1672 1030 Philippi
1699 937 1836 1012 auxilio
1865 961 2016 1012 usurum
2042 961 2120 1010 esse.
2163 940 2221 1012 las

233 1041 437 1112 luctuosum
479 1065 521 1112 ac
560 1042 739 1114 funestum
781 1041 916 1114 bellum
960 1044 1132 1120 adversos
1169 1065 1234 1136 pa·
1284 1039 1466 1132 proiectus
1496 1038 1535 1110 in
1557 1037 1812 1116 Macedoniam
1830 1040 2077 1114 assensium
2100 1055 2223 1126 eon,t

234 1141 343 1227 triam
366 1143 548 1222 ercimvit.
609 1143 745 1216 Verum
774 1145 895 1221 aeneis
926 1170 967 1220 ae
991 1143 1234 1218 adamantinis
1285 1161 1379 1216 unus
1406 1141 1607 1216 amicorum
1634 1138 1797 1236 Philippi
1820 1143 2088 1217 nominabatur.
2130 1142 2222 1216 aaa

233 1238 370 1332 esuris,
392 1258 433 1318 ut
447 1244 523 1338 ipae
540 1245 610 1334 ait,
630 1247 789 1330 Atticam
811 1249 967 1323 munivit
988 1247 1166 1322 adiunctis
1187 1249 1234 1318 ad
1286 1245 1367 1318 cum
1394 1240 1604 1338 Philippum
1632 1245 1861 1332 offendisset,
1894 1248 2061 1320 desem
2084 1269 2155 1318 eom
2174 1271 2225 1339 prs

233 1344 398 1433 nostram
427 1349 637 1425 societatem
667 1347 938 1424 Euboeensibus
971 1365 1007 1427 et
1037 1347 1234 1424 Thebanis.
1284 1347 1377 1440 lnqit
1392 1349 1440 1418 ad
1454 1344 1677 1434 Thebanos,¹
1691 1344 2055 1442 postesseliotishis,
2072 1349 2225 1420 mutabilia

235 1446 307 1556 Sed
322 1475 387 1522 vos
401 1446 494 1524 nihil
510 1453 580 1522 tale
597 1453 787 1546 opinantes
803 1455 969 1530 maximis
981 1454 1127 1528 iniuriis
1138 1453 1236 1528 eires
1286 1473 1397 1546 quam
1420 1449 1598 1544 Emipus,
1638 1454 1687 1522 ad
1706 1477 1815 1548 quern
1843 1448 2051 1534 habitabat,
2088 1450 2225 1522 inciditis

232 1551 403 1642 intribus
418 1556 527 1630 rebus
543 1555 661 1628 affecti
676 1557 770 1630 estis.
1285 1553 1444 1626 mediam
1473 1553 1752 1641 dissensionem,
1786 1579 1880 1650 quae
1905 1555 2003 1634 inter
2028 1550 2227 1625 Thebanus

251 1728 257 1745 ,
338 1655 572 1753 Quamquam
586 1672 707 1732 autem
731 1663 777 1730 ad
792 1660 1000 1736 societatem
1018 1656 1234 1732 Thebanam
1285 1651 1498 1749 Philippum
1526 1659 1755 1744 versabatur,
1789 1658 1842 1730 ibi
1862 1659 1902 1730 in
1929 1670 2089 1730 mtrem:
2112 1659 2227 1752 dupin

233 1780 424 1860 propero,
463 1773 613 1850 tamen,
658 1776 701 1834 ut
730 1787 863 1860 sequar
895 1787 1018 1840 rerum
1055 1762 1237 1847 ordinem,
1286 1757 1407 1844 tione,
1432 1783 1513 1832 cum
1529 1760 1707 1846 nesciret,
1729 1785 1804 1856 quo
1819 1785 1857 1834 se
1871 1773 2048 1847 vestem,
2070 1761 2226 1832 indictae·

234 1859 337 1968 nrius
351 1863 396 1939 de
412 1859 620 1938 Euboeensi
635 1865 765 1943 dicam.
817 1865 892 1940 Vos
913 1867 1010 1941 enim
1035 1891 1118 1940 cum
1143 1865 1236 1938 mul-
1286 1861 1490 1956 punitione,
1515 1863 1701 1957 prospexit
1713 1887 1826 1939 unam
1840 1860 1936 1936 hanc
1957 1865 2083 1938 salutis
2101 1859 2228 1956 spen,si

233 1957 300 2038 tas'
314 1978 520 2063 etmagnas
544 1967 698 2043 iniurias
723 1969 947 2063 accepissetis
971 1993 993 2044 a
1017 1963 1236 2044 Mnessrdau
1286 1990 1324 2038 se
1341 1966 1531 2040 uobiscum
1552 1967 1806 2058 coniungunt,
1831 1967 2045 2064 nosquesd
2068 1966 2144 2038 lselli
2158 1964 2228 2036 soie

234 2047 482 2172 Chalcidensi,
508 2068 615 2145 Callii
636 2084 673 2146 et
695 2069 959 2148 Taurosthenis
985 2085 1089 2166 petre
1097 2123 1113 2160 ,
1138 2095 1236 2168 quos
1286 2079 1397 2150 talem
1413 2081 1574 2162 maeret,
1598 2070 1631 2144 δί
1645 2071 1727 2164 qffl't
1741 2081 1869 2144 wit&
1885 2095 1970 2144 eum
1986 2094 2089 2144 lma
2107 2079 2230 2140 mm

233 2169 301 2257 iste
327 2194 425 2257 nuno
447 2177 832 2268 corruptus'pecunia,
865 2179 977 2250 audet
999 2177 1143 2250 civitate
1168 2175 1238 2248 da·
1285 2167 1398 2271 ldrpse
1411 2171 1575 2246 laturiam
1589 2186 1686 2258 erat,
1699 2173 1849 2249 nisivos
1865 2169 2146 2268 prohibuissetis.
2169 2171 2230 2240 llas

233 2295 350 2366 nares
389 2289 579 2372 praeterea
600 2301 621 2348 a
645 2273 886 2366 Themisone,
919 2279 984 2376 qui
1005 2280 1113 2354 nubis
1134 2277 1236 2372 pacis
1286 2299 1368 2349 curn
1394 2275 1725 2363 animadvertisset,
1758 2277 1871 2351 mittit
1890 2273 1963 2350 huc
1985 2277 2120 2370 lqatos
2138 2273 2229 2368 populo

97 2417 102 2424 ·
233 2387 399 2473 tempore
424 2377 591 2472 Oropum
614 2383 769 2455 ademit:
812 2397 936 2458 tamen
959 2379 1092 2458 horum
1118 2380 1235 2466 obliti,
1286 2377 1433 2450 inanem
1461 2403 1591 2472 spem,
1635 2375 1874 2453 Demostheni
1905 2379 2056 2476 eiusque
2090 2379 2179 2452 sociis
2197 2397 2231 2444 u·

233 2492 360 2574 postes
383 2481 559 2580 auxilium
581 2482 636 2555 eis
653 2485 787 2562 tulistis
807 2499 907 2560 terra
934 2487 1123 2582 marique,
1149 2509 1234 2558 cum
1287 2493 1434 2576 gentum
1457 2483 1669 2558 adferentes.
1735 2483 1853 2557 Porro
1882 2483 1954 2556 tria
1977 2483 2145 2556 beneficia
2159 2475 2230 2552 siud

233 2574 403 2676 Thebani
420 2587 631 2668 transissent
652 2588 692 2660 in
713 2587 925 2675 Euboeam,
956 2603 998 2664 ut
1019 2591 1127 2662 urbas
1148 2587 1235 2662 istn-
1285 2597 1464 2658 mercatus
1481 2598 1546 2659 est.
1581 2586 1748 2660 Primum
1763 2587 1890 2663 fraude
1903 2586 2104 2660 insinuavit
2117 2583 2231 2658 seina

120 2697 129 2710 “
233 2707 318 2785 ram
345 2684 385 2758 in
407 2689 617 2764 servitutem
640 2692 868 2784 redigerent,
898 2705 936 2767 et
960 2692 1057 2764 intre
1082 2693 1137 2766 80
1157 2691 1235 2765 dies
1286 2687 1451 2762 rietatem
1470 2700 1645 2770 vestram
1680 2689 1923 2784 nequeenim
1942 2679 2233 2768 menomenas·

233 2777 344 2888 potiti
371 2789 542 2890 Euboea,
583 2806 620 2869 et
647 2796 820 2889 repressis
847 2791 1033 2872 Thebanis
1063 2795 1171 2870 nrbes
1199 2807 1236 2866 et
1286 2791 1441 2885 populas
1469 2815 1611 2864 memor
1639 2791 1858 2866 im'ariarum
1884 2792 2096 2866 societatem
2123 2791 2185 2862 eius
2199 2809 2233 2855 rr·

231 2890 477 2990 principatum
492 2896 799 2975 narrentanas.
841 2898 926 2994 Qua
939 2900 980 2973 in
993 2923 1034 2972 re
1049 2898 1235 2993 praeclare
1285 2892 1488 2989 pudiasset,
1520 2919 1595 2990 quo
1625 2895 1747 2970 minus
1769 2909 1833 2970 aut
1861 2917 1905 2972 es
1929 2892 2103 2970 Chalcide
2125 2895 2233 2984 fugeret

87 3063 92 3072 ,
201 3093 204 3100 ¹
231 2995 382 3088 fessae
419 3000 663 3096 nequeenim
690 3003 842 3076 decebat
867 3027 933 3078 vos
959 3015 1047 3076 tunc
1077 3001 1233 3077 mistiae
1286 3010 1350 3072 ant
1372 2997 1424 3068 ibi
1445 2997 1590 3072 relictus
1615 3011 1843 3077 moreretur:
1885 2999 1979 3072 tanti
2002 3001 2163 3072 adversus
2181 3013 2234 3063 err

231 3101 460 3202 meminisse,
485 3129 567 3178 cum
584 3105 644 3181 isti
666 3131 706 3183 se
727 3109 774 3180 ad
789 3118 948 3182 vestrm
975 3107 1083 3178 fidem
1107 3118 1146 3178 et
1166 3105 1235 3176 mi·
1287 3100 1463 3175 exercitus
1490 3097 1653 3194 Philippi
1686 3115 1723 3173 et
1751 3098 2014 3176 'thalamorum
2048 3101 2233 3174 ducebantur·

232 3204 469 3300 sericordiam¹
498 3209 715 3280 conferrent.
780 3210 898 3304 Atqui
917 3205 957 3286 hi
979 3233 1063 3284 oum
1087 3219 1233 3282 tantae
1285 3201 1450 3278 Secundo
1471 3227 1607 3280 meroes
1622 3205 1707 3280 deta
1725 3205 1849 3292 astri,
1875 3205 1940 3301 qui
1955 3205 2041 3278 tulit
2056 3202 2232 3298 rogationem

233 3308 339 3402 nobis
349 3308 524 3380 beneficia
540 3311 779 3402 accepissent,
804 3313 912 3404 longe
928 3311 1139 3386 dissimilem
1153 3333 1235 3403 gna·
1285 3309 1330 3382 de
1353 3307 1520 3403 loedere,
1545 3332 1591 3378 ne
1608 3303 1860 3404 Chalcidenses
1882 3315 2096 3402 ungeremur
2116 3300 2233 3378 Atlas

232 3409 324 3490 tiam
337 3410 443 3484 vobis
454 3409 701 3502 reddiderunt.
752 3413 825 3486 Sed
845 3426 1084 3508 posteaquam
1107 3413 1235 3487 inEu·
1286 3411 1560 3484 inconventum
1575 3410 1711 3484 venire.
1759 3411 1887 3486 Tertio
1906 3412 2146 3486 natributnm
2159 3405 2234 3479 salve⁴

233 3515 364 3612 bosam
377 3514 555 3590 transistis
570 3511 1147 3602 addeiendendumPlutarohum,
1165 3517 1235 3588 ini·
1285 3525 1352 3590 ret.
1409 3515 1529 3607 Atque
1559 3507 1649 3586 haec
1677 3513 1800 3586 omnia
1829 3515 1979 3608 perfecit
2010 3513 2146 3588 Callias.
2190 3501 2233 3576 Sd

233 3617 287 3690 tio
300 3618 521 3698 simulabant
544 3620 741 3692 amicitiam
760 3645 845 3714 erga
867 3646 945 3695 vos.
997 3618 1134 3696 verum
1151 3643 1233 3694 utun
1285 3607 1564 3702 Demosthenes,
1592 3615 1656 3712 qui
1677 3639 1716 3693 se
1732 3629 1971 3711 tyrannorum
1987 3613 2125 3694 bosran
2139 3629 2234 3720 estest,

233 3719 488 3810 transivimus,
514 3736 551 3794 et
569 3725 693 3818 capias
708 3723 934 3800 traduximus
949 3748 1017 3820 per
1031 3723 1235 3818 Cotylaeon
1286 3721 1422 3806 mulat,
1444 3743 1626 3814 quemque
1642 3715 1813 3813 Ctesipho
1835 3720 1973 3814 optime
1991 3709 2233 3825 eesrssulerenrl¹

234 3837 419 3922 matura,
458 3826 511 3903 ibi
532 3826 684 3913 Callias,
720 3851 829 3923 quem
850 3823 1114 3900 Demosthenes
1133 3851 1234 3900 nnnc
1285 3823 1440 3917 arripnit,
1460 3822 1623 3916 prodidit
1635 3823 1854 3917 reipublicae
1871 3823 2162 3918 oppormnitates,
2178 3835 2233 3887 *Ψ

233 3931 399 4019 mercede
414 3931 633 4015 conductus,
657 3930 773 4004 civem
795 3933 934 4004 efficere
950 3930 1154 4015 contendit,
1180 3930 1235 4001 vi·
1285 3929 1358 4021 psit
1371 3927 1571 4000 inioedere
1587 3925 1845 4002 nosauxilium
1862 3929 1958 4000 lerre
1971 3919 2232 4000 Chalcidensibus

233 4033 324 4109 dens
343 4034 537 4109 exereitum
563 4045 729 4110 nostrum
756 4034 932 4128 impedito
953 4035 1035 4106 luco
1059 4045 1096 4106 et
1121 4057 1235 4126 angu-
1286 4042 1409 4124 postea
1426 4042 1567 4103 mutato
1586 4031 1720 4114 verbo,
1735 4055 1809 4124 quo
1824 4031 1946 4103 minus
1960 4031 2231 4132 offenderemus

234 4138 487 4234 stiisundique
500 4135 679 4216 inclinum
704 4161 801 4222 esse,
832 4139 929 4211 unde
950 4138 1103 4208 eradere
1123 4157 1241 4208 namn
1286 4133 1434 4227 populi,
1460 4132 1669 4224 adscripsit,
1696 4128 1948 4208 Chalcidenses
1963 4123 2229 4208 deberenobisn

217 4254 401 4338 poterat,
413 4240 489 4317 ubi
509 4241 611 4314 nulla
635 4240 762 4316 auxilii
778 4263 897 4336 neque
919 4265 942 4314 a
961 4253 1058 4314 terra
1072 4263 1192 4336 noque
1211 4263 1233 4310 a
1285 4237 1404 4310 cissim
1425 4259 1533 4329 opem
1552 4236 1666 4320 serre,
1692 4236 1828 4331 siquis
1843 4232 2119 4310 Atheniensibus
2136 4226 2231 4300 belim

233 4346 330 4424 mari
349 4369 432 4441 spes
454 4357 551 4430 erat,
574 4345 720 4439 ,raptim
749 4357 938 4417 conuecto
960 4342 1125 4424 ,exercitu
1150 4367 1232 4416 eun
1284 4341 1429 4412 inierat.
1495 4337 1648 4413 Munera
1681 4362 1771 4414 vero
1804 4352 1842 4412 et
1873 4339 2107 4422 sedationes,
2139 4329 2231 4448 quibo

235 4451 372 4537 fratre,
410 4450 475 4546 qui
501 4449 700 4520 adduxerat
731 4443 936 4522 Phocenses
967 4447 1125 4530 milites,
1167 4469 1234 4520 vos
1284 4453 1545 4518 sustentaretur
1565 4442 1720 4528 bellum,
1742 4465 1891 4536 panosus
1909 4443 2092 4526 vendidit,
2111 4449 2232 4526 ΜΡΝ·

234 4548 328 4624 nihil
342 4553 413 4624 tale
429 4551 620 4648 opinantes
636 4552 825 4646 oppressit.
875 4551 995 4648 Atque
1015 4545 1076 4624 hie
1090 4549 1233 4625 Taura-
1284 4548 1353 4621 mis
1365 4545 1474 4620 rebus
1487 4556 1700 4640 praeterens
1720 4541 1910 4648 honestam
1925 4546 2142 4624 emtionem,
2164 4527 2231 4629 (1⁰⁰³

236 4650 379 4732 sthenes
395 4657 469 4726 iam
483 4681 549 4728 vos
566 4655 699 4731 salutat
713 4656 888 4750 vobisque
899 4655 1096 4728 blanditur.
1147 4650 1233 4726 Fuit
1284 4651 1445 4727 decuerit
1465 4672 1533 4722 nos
1558 4648 1718 4742 primun
1738 4647 1985 4742 indigentibus
2002 4645 2140 4722 Graecis
2158 4653 2230 4729 θρίω

238 4771 360 4839 autern
380 4759 465 4828 urbi
483 4771 629 4835 nostrae
652 4770 810 4834 extrema
834 4759 1023 4853 turpitudo
1044 4757 1231 4832 subeunda
1283 4756 1398 4840 serre,
1436 4765 1565 4845 postea
1585 4751 1742 4845 cogitare
1766 4753 1811 4829 de
1834 4753 2006 4826 societate
2027 4761 2065 4824 et
2084 4752 2125 4820 de
2142 4749 2228 4852 nott

178 4893 187 4910 ‘
235 4861 304 4939 illa
325 4874 510 4954 tempore,
547 4863 618 4936 nisi
639 4862 738 4940 Dens
765 4861 896 4958 aliquis
918 4863 1047 4934 urbem
1068 4873 1232 4939 nostram
1282 4859 1450 4932 utilitate.
1503 4856 1613 4951 Quod
1635 4863 1757 4930 autern
1781 4879 1868 4928 vern
1890 4857 2030 4939 dicam,
2052 4851 2150 4926 recita
2167 4831 2228 4914 mih

236 4976 432 5070 servasset,
454 4975 492 5036 et
506 4963 638 5038 milites
654 4966 829 5043 insuncm
849 4966 925 5038 acie
948 4963 1142 5038 fortissime
1165 4988 1233 5057 pn-
1284 4961 1419 5041 Calliae
1432 4959 1605 5052 scriptum
1625 4971 1662 5030 et
1675 4961 1821 5044 foedus,
1847 4972 1884 5034 et
1898 4959 1978 5052 lepe
1995 4960 2171 5030 demetam·

235 5070 381 5164 qnando
394 5067 593 5163 pericolum
604 5068 859 5141 discussissent.
884 5069 1010 5164 Neque
1025 5068 1122 5140 enim
1136 5067 1234 5138 vinci
1385 5065 1558 5140 Nondum
1582 5057 1652 5140 hoe
1672 5062 1759 5136 setis
1781 5085 1893 5154 grave
1917 5073 1989 5146 est,
2024 5059 2142 5132 talibus
2159 5059 2228 5118 “⁶²⁶

236 5171 276 5241 in
290 5173 431 5265 proelio
453 5193 595 5244 summa
620 5171 807 5264 turpitudo
830 5184 901 5258 est,
927 5173 990 5244 sed
1013 5172 1059 5242 ab
1074 5169 1233 5262 indignis
1282 5167 1463 5252 sionibus,
1499 5178 1599 5238 tanta
1617 5167 1771 5259 pecunia
1788 5163 2048 5260 rempublicam
2068 5153 2225 5256 hasam

236 5269 400 5347 hostibus
429 5276 468 5345 in
498 5274 691 5346 discrimen
714 5269 865 5358 adduci,
899 5274 936 5344 id
959 5299 1046 5344 vero
1071 5273 1233 5368 duplicat
1283 5294 1359 5346 asse
1378 5269 1567 5367 proditore
1588 5265 1845 5344 Demosthene.
1896 5269 1966 5342 sed
1988 5262 2134 5340 sedabo
2154 5247 2225 5320 V⁰b¹⁵

238 5377 490 5453 calamitatem.
541 5377 618 5452 Vos
640 5389 783 5462 autem,
805 5388 907 5447 tauta
921 5376 1056 5448 iniuria
1073 5387 1231 5471 accepta,
1282 5375 1384 5455 aliud¹
1411 5375 1559 5448 foedum
1588 5373 1739 5450 tedam.
1798 5371 1930 5446 Callias
1962 5393 2006 5444 en
2031 5359 2223 5458 impttlffl'u‘
