4648 5794
240 2349 244 2358 '
299 2331 497 2423 singulare;
528 2321 684 2394 secundo
701 2341 722 2386 a
737 2316 908 2408 dignitate
924 2337 1070 2395 eorurn,
1103 2310 1167 2407 qui
1189 2335 1287 2381 exer.

264 2455 268 2472 ·
299 2437 427 2506 cebant
442 2424 658 2502 societatem.
710 2419 879 2514 Sequitur
894 2415 1073 2508 epilogus,
1106 2436 1179 2508 quo
1203 2437 1288 2504 pro.

215 3601 216 3608 .
305 3560 390 3618 tem.
441 3537 647 3635 Propositio
664 3533 823 3606 continet
836 3529 1066 3624 petitionem,
1092 3542 1133 3600 ut
1149 3530 1294 3601 adiuvet

181 135 182 138 '
277 151 353 226 465
834 129 957 208 PlllL.
990 127 1105 204 ttssL.
1137 123 1340 202 SCRIPTA
1372 125 1709 204 Pultouoatca.
2075 199 2095 228 .
2199 145 2253 222 454

370 310 372 322 '
470 266 654 388 Scholia
681 309 727 381 in
752 303 998 400 epistolam
1023 297 1084 374 lli·
1523 295 1711 374 Scholia
1736 297 1784 370 in
1814 295 2116 393 epistolamll.

387 471 420 565 ὃ.
437 472 471 543 1.
511 471 718 560 Quamquam
743 463 807 532 tili
838 450 1020 553 praeseus]
1062 449 1273 531 Exordium,
1427 446 1458 542 ᾗ.
1476 450 1511 526 1.
1537 453 1647 540 Quum
1661 452 1707 522 ad
1720 441 1773 548 te]
1804 445 2002 520 Exordium
2025 464 2075 522 est
2096 461 2258 547 occuparia

284 572 496 666 Occupatio.
580 572 725 649 Tamen,
757 555 878 656 quam]
913 555 1098 628 Corrcctio
1123 573 1274 644 occupa·
1324 549 1408 624 Non
1424 564 1501 622 erat
1515 577 1605 645 opus
1619 550 1943 624 commendatione.
2023 555 2089 624 Sea
2107 581 2194 648 quum
2211 561 2259 660 ita]

286 675 462 769 lionl⁵⁶⁰l
1327 652 1510 725 Correctio
1535 651 1791 747 occupationis.

389 789 421 884 ἓ.
437 795 473 864 2.
504 787 581 860 Volo
594 775 704 877 enim]
731 771 1005 868 argumentatio
1024 797 1067 842 cx
1090 793 1277 864 compara·
1429 751 1461 847 ὃ.
1474 761 1513 832 2·
1541 761 1585 828 Ut
1599 750 1727 855 igitur]
1741 753 1911 828 Narratio
1925 754 2107 827 continens
2121 757 2196 853 etfl)
2207 785 2263 834 cau.

288 897 404 971 tione:
430 886 608 961 Omnibus
623 880 840 976 publicanis,
865 877 928 949 sed
943 875 1098 946 maxime
1118 875 1194 948 istis
1218 895 1277 942 cu.
1327 881 1384 930 sas
1406 857 1583 938 amicitiae
1604 853 1730 941 huius,
1768 870 1804 928 et
1826 857 2161 930 commendationem
2177 885 2263 953 persa

287 1001 349 1093 pio
366 987 576 1088 gratificari,
599 979 843 1080 xcellentiae,
871 978 1041 1048 tribuere.
1328 985 1410 1033 nae.
1467 965 1511 1032 la
1524 954 1879 1059 araqueaatsetttts]
1905 958 1945 1028 in
1959 960 2140 1053 praetoriis
2152 962 2264 1050 iudici'q

393 1111 425 1206 §-
447 1112 483 1182 a
517 1105 610 1194 Quo
629 1125 730 1197 auum
753 1103 804 1171 aaa
826 1091 916 1193 aa]
952 1091 1142 1166 conclusio
1166 1089 1279 1163 conti.
1330 1077 1366 1134 et
1376 1061 1868 1262 ⁶⁶⁰gj¹3ffl³ssffl²5·„„.)]
1901 1162 2082 1236 hammo
2103 1166 2143 1236 ad
2161 1165 2265 1240 aaa

1331 1289 1474 1337 morum
1489 1264 1663 1337 Terentii.
2284 1293 2285 1326 l

583 1364 975 1466 Argumentum&
1432 1364 1465 1458 ἓ.
1482 1365 1518 1442 4.
1544 1371 1660 1461 Neque
1673 1361 1752 1464 ego]
1778 1364 1988 1458 Occupatio.
2061 1359 2285 1450 Saurania}

396 1514 553 1611 Quidam
586 1508 678 1579 cives
699 1501 858 1572 Romani
882 1521 1050 1590 magnam
1073 1494 1280 1566 societatem
1332 1472 1484 1542 ‘’mittit“
1504 1463 1618 1566 aava]
1658 1465 2114 1562 C⁰ffe⁰fi⁰.⁰⁰fflpalionis
2140 1493 2176 1540 ex
2198 1469 2266 1572 yesi

294 1621 522 1714 negotiorum
536 1611 575 1680 in
588 1603 781 1701 Bithynia,
808 1626 916 1700 quam
936 1596 1162 1693 provinciam
1179 1596 1282 1668 Cras-
1332 1569 1475 1690 ifdml
1540 1575 1632 1644 Caro
1648 1565 1777 1668 igitur]
1804 1570 1995 1642 Conclusio
2010 1569 2199 1664 petitionem
2211 1593 2285 1686 ron-y

295 1725 388 1817 sipes
401 1716 537 1797 tenuit,
563 1710 793 1791 exercebant,
818 1703 946 1798 quibus
962 1725 1042 1772 cum
1057 1698 1182 1769 Cicero
1203 1698 1282 1792 plu·
1335 1686 1462 1746 lmen&

295 1827 428 1898 timum
448 1821 603 1899 faveret,
638 1809 866 1881 commendat
888 1829 950 1876 eos
972 1800 1194 1894 Crassipedi,
1224 1823 1283 1870 ro·
1625 1819 1957 1913 Argumentum
1968 1821 2029 1919 ⁸⁴).

297 1950 403 2020 gans,
427 1933 615 1992 uteorum
636 1911 779 2004 negotia
800 1903 999 2001 provehere
1012 1905 1164 1976 studeat.
1214 1901 1284 1972 Ex·

297 2028 440 2101 ordium
457 2029 596 2091 constat
611 2011 859 2106 occupatione,
884 2032 954 2103 qna
971 2029 1093 2078 causas
1108 2003 1284 2076 scribendi

299 2125 465 2202 ostendit.
520 2119 660 2189 Deinde
679 2112 802 2207 paucis
823 2109 966 2200 attingit
988 2106 1285 2200 propositionem,

300 2254 408 2327 quam
427 2224 615 2298 confirmat
628 2219 747 2310 primo
767 2225 977 2304 argumento
997 2235 1018 2278 a
1036 2209 1220 2279 communi
1241 2209 1285 2278 ad

289 1241 378 1290 nens
394 1210 604 1308 petitionem
622 1227 684 1276 seu
701 1198 999 1294 propositionem.

1438 1953 1553 2026 Bruto
1575 1956 1734 2049 praetori
1756 1955 1794 2026 in
1808 1957 1925 2029 Gallia
1950 1957 2265 2029 commendatibne
2284 2001 2285 2030 3

1335 2083 1418 2130 nem
1433 2059 1593 2129 futurum
1611 2058 1685 2128 eius
1699 2072 1938 2152 quaestorem.
1994 2058 2177 2130 Exordium
2197 2056 2285 2130 habeti

1337 2159 1516 2235 scribendi
1530 2161 1766 2244 occasionem,
1785 2161 1843 2232 cui
1857 2161 2043 2235 subiicitur
2056 2163 2207 2245 narratio,
2222 2185 2267 2254 qu
2284 2163 2285 2252 ζ

1338 2288 1460 2336 causas
1482 2261 1660 2332 amicitiae
1682 2285 1763 2332 cum
1785 2261 1951 2334 Varrone
1972 2263 2130 2356 exponit,
2164 2278 2197 2338 ut
2214 2288 2267 2334 cun

1339 2366 1486 2459 dignum
1503 2363 1608 2434 Bruti
1622 2365 1870 2435 benevolentia
1887 2379 1922 2436 et
1937 2366 2174 2440 coniunctione
2190 2379 2267 2437 oster·
2284 2379 2285 2442 l

1340 2472 1413 2540 dat.
1463 2467 1551 2538 Post
1564 2466 1810 2538 narrationem
1826 2469 1873 2538 ad
1889 2468 1977 2541 alias
1992 2493 2110 2540 causas
2129 2493 2148 2536 a
2166 2468 2266 2539 maiori·

1338 2573 1405 2642 bus
1420 2581 1456 2641 et
1468 2568 1612 2661 ingenio
1637 2582 1797 2662 sumptas
1815 2570 2025 2662 digreditur.
2081 2569 2167 2641 llaec
2184 2569 2267 2640 onnia

1339 2675 1419 2742 loco
1435 2672 1675 2742 antecedentis
1688 2684 1883 2762 ponuntur.
1921 2673 2087 2768 Sequitur
2105 2674 2211 2744 deinde
2223 2671 2268 2761 cpi·
2284 2671 2285 2760 l

546 2759 684 2864 Aliud
717 2798 1044 2880 argumentum.
1342 2777 1443 2868 lngus
1462 2787 1634 2869 tanquam
1649 2796 1880 2867 consequens.
2100 2769 2113 2804 ¹
2284 2775 2285 2846 l

404 2930 643 3008 Commendat
671 2923 880 3019 publicanos
900 2915 1114 3013 Bithynicae
1143 2916 1290 2990 societa-
1577 2939 1718 3010 Aliud
1744 2955 2076 3032 argumentum·

300 3043 367 3124 tis,
391 3062 432 3107 ac
449 3046 573 3127 rogat,
594 3043 635 3102 ut
650 3027 772 3098 multis
786 3025 830 3094 de
846 3021 959 3094 causis
975 3021 1045 3092 illis
1067 3033 1209 3114 praesto
1234 3018 1292 3106 sit,

303 3165 376 3236 quo
390 3136 527 3209 facilius
541 3131 684 3223 negotia
700 3128 871 3199 conficere
886 3123 1036 3218 possint.
1093 3121 1290 3193 Exordium

302 3247 495 3334 figuratum
518 3248 571 3306 est
593 3229 837 3323 occupatione.
907 3224 1069 3296 Sumitur
1096 3237 1214 3295 autem
1247 3224 1291 3294 ab

305 3341 489 3416 occasione
508 3329 847 3412 commendationis,
873 3324 995 3397 addito
1016 3338 1227 3418 argumento
1250 3350 1293 3395 ex

306 3441 576 3536 comparatione
593 3437 715 3506 desua
731 3430 915 3500 voluntate
932 3452 1014 3520 erga
1031 3423 1125 3498 banc
1145 3427 1293 3498 societa-

300 2533 432 2630 positio
462 2539 516 2600 est
535 2522 715 2618 copiosior
737 2545 817 2592 cum
838 2516 940 2590 brevi
964 2515 1104 2587 ratione
1129 2515 1174 2584 ab
1193 2515 1289 2586 utili·

301 2650 375 2708 tate
390 2640 544 2723 sumpta.

1443 3071 1594 3144 Erudita
1627 3099 1670 3144 ac
1696 3071 1846 3166 diligens
1879 3088 1933 3148 est
1966 3073 2205 3148 commendatio
2227 3092 2267 3160 pro

1342 3175 1506 3247 Varrone
1518 3173 1665 3246 homine
1679 3177 1896 3263 doctissimo,
1911 3190 1947 3248 et
1964 3205 2028 3251 suo
2043 3202 2170 3252 summo
2184 3173 2269 3248 anim
2284 3197 2285 3246 t

1343 3277 1493 3370 sumptis
1510 3277 1728 3371 argumentis
1743 3280 1900 3372 propriis
1913 3305 1955 3350 ex
1973 3283 2131 3366 laudibus
2141 3278 2227 3372 ipsius
2238 3273 2270 3338 in·

1344 3381 1437 3474 genii
1459 3392 1494 3449 et
1506 3379 1706 3472 probitatis.
1761 3379 1959 3454 Exordium
1983 3385 2162 3476 figuratum
2182 3391 2220 3448 est
2235 3395 2270 3440 ot·

1344 3482 1534 3576 cupatione
1548 3494 1729 3574 sumptum
1747 3485 1792 3554 ab
1806 3485 1993 3558 occasione
2012 3509 2123 3556 novae
2142 3498 2285 3568 commen-y

1345 3583 1514 3656 dationis.
1569 3584 1740 3657 Narratio
1762 3600 1901 3658 constat
1922 3587 2176 3677 enumeratione
2191 3599 2285 3678 cana-3

1345 3711 1448 3771 rum,
1480 3709 1592 3783 quare
1613 3698 1798 3780 tantopere
1813 3688 2016 3762 Varronem
2038 3690 2169 3782 diligat,
2196 3696 2221 3751 et
2236 3702 2270 3744 cu·

1347 3789 1422 3884 piat
1438 3813 1546 3885 quam
1562 3789 1715 3860 maxime
1731 3795 2039 3880 commendatum,
2072 3791 2177 3862 addita
2191 3781 2271 3853 lauda·

550 3903 688 3976 Aliud
722 3913 1050 3994 argumentum.
1346 3894 1444 3962 tione
1461 3891 1680 3984 optimorum
1695 3918 1838 3964 morum
1858 3919 1922 3987 per
1943 3897 2119 3989 quandam
2143 3881 2270 3960 tranutia

1347 4019 1443 4066 nem.
1507 3993 1725 4066 Laudationi
1752 3997 1893 4067 subiicit
1915 3993 2219 4092 occupatiunculan
2235 4003 2285 4084 tt,

1348 4095 1556 4180 cessariam,
1580 4095 1784 4194 significans
1801 4123 1890 4194 opus
1908 4124 1982 4170 esse
1996 4100 2165 4170 interdum
2184 4085 2270 4194 talibus

1349 4197 1719 4270 commendationibus
1735 4225 1796 4272 seu
1811 4201 2086 4274 laudationibus.
2134 4191 2285 4268 concina

1349 4297 1455 4372 habet
1472 4299 1693 4393 petitionem.

304 3645 526 3742 publicanos.
577 3637 732 3710 Additur
749 3634 842 3706 ratio
862 3657 883 3704 a
901 3657 966 3704 sua
985 3645 1020 3704 et
1034 3631 1194 3726 ipsorum
1214 3657 1294 3726 gra·

305 3748 472 3823 titudine.

410 4043 609 4120 Exordium
634 4038 776 4111 ducitur
804 4061 825 4106 a
852 4037 1154 4107 circumductione
1183 4034 1296 4106 conti·

309 4177 398 4224 nens
413 4147 633 4219 occasionem
648 4139 827 4214 scribendi
841 4163 908 4232 pro
925 4138 1028 4209 sociis
1038 4135 1296 4234 Bithyniae⁶¹).

307 4253 447 4327 Deinde
482 4247 626 4318 additur
660 4240 922 4334 argumentatio
954 4265 997 4309 ex
1029 4240 1297 4332 comparatione

309 4381 390 4428 cum
416 4347 636 4447 publicanis,
678 4358 755 4416 tum
780 4343 934 4414 maxime
959 4338 1157 4436 Bithynicis
1179 4344 1300 4434 cupiat

307 4451 514 4552 gratificari.
563 4447 731 4544 Sequitur
747 4445 926 4516 conclusio
943 4447 1131 4517 continens
1155 4443 1298 4538 petitio-
1591 4453 1727 4523 Aliud
1760 4470 2085 4547 argumentum.

310 4584 406 4633 nem.
454 4551 497 4624 ln
510 4554 581 4624 fine
598 4548 718 4621 addila
736 4560 789 4620 θθῑ
803 4547 977 4644 ‚clauffllfl'
1452 4585 1649 4660 Exordium
1664 4591 1809 4662 ductum
1826 4605 1878 4664 est
1893 4595 1940 4664 ab
1955 4590 2187 4686 occupatione,
2203 4587 2285 4672 lffl'l

316 4723 534 4756 ..........
1352 4689 1440 4761 stori
1454 4691 1552 4761 nulla
1568 4715 1657 4784 opus
1680 4717 1754 4764 esse
1778 4697 2085 4767 commendatione
2108 4687 2191 4783 apud
2207 4691 2271 4770 9¹³⁸·

326 4843 396 4911 ,59)
413 4831 806 4899 streanaeshalch,
826 4831 900 4884 tatto.
917 4843 977 4882 cnm
993 4829 1303 4892 praecedmttslccon.
1353 4849 1557 4865 --.-..
2284 4791 2285 4870 y

383 4919 455 4961 nexa
473 4909 531 4959 csta
564 4907 744 4968 Quamquam
766 4902 823 4953 ctat
843 4901 997 4966 marsnae]
1022 4899 1178 4952 Exordium.
1215 4902 1304 4954 occu.
1387 4925 1437 4985 m
1455 4927 1501 4987 et]
1519 4925 1549 4978 h
1567 4925 1617 4976 m·
1637 4923 1714 4976 lm·
1733 4924 1822 4981 ψη.
2284 4889 2285 4950 l

382 4978 468 5042 ΜΟ·
504 4972 647 5027 ⁰⁰¹‘⁸⁰‘¹⁰
666 4969 861 5032 ⁰⁰⁰¹¹⁹²‘¹⁰¹¹¹⁸·
1388 5010 1437 5078 es)
1455 5010 1510 5063 rra
1534 5011 1577 5062 aa
1603 5010 1661 5065 cre.
1684 5012 1779 5062 versi·
1796 5013 1825 5064 n
1847 5013 1932 5066 nate
1954 5015 2043 5080 aaa,
2068 5009 2137 5063 raro.
2156 4999 2206 5054 tut
2220 4959 2285 5046 Μ

348 5083 398 5144 60)
415 5081 474 5130 tlon
493 5075 685 5140 argumentum
702 5073 731 5122 at
749 5071 801 5122 duo
820 5069 965 5135 sequentis
980 5067 1010 5120 ln
1026 5069 1112 5124 utta.
1123 5071 1215 5137 itte,
1236 5072 1305 5126 ibat
1423 5081 1546 5145 praefixa
1561 5082 1626 5130 sunt
1642 5081 1799 5142 sequentis:
1822 5085 1879 5136 Sed
1894 5088 1991 5138 tamea
2005 5079 2160 5150 amarmu-
2284 5071 2285 5120 l

383 5145 501 5197 -lbffi
522 5142 707 5206 reperiuntur·
1389 5165 1458 5226 68¹)
1475 5159 1590 5233 γνώμῃ]
1608 5163 1660 5216 ut.
1677 5164 1753 5214 ¹56⁰.
1771 5159 1885 5233 γνώμης
1908 5170 1959 5221 lltl.
1977 5169 2052 5222 atta
2068 5172 2164 5233 guone·
2284 5145 2285 5186 l

253 5289 256 5296 ,
352 5250 402 5308 tt)
419 5240 581 5308 nraynue]
607 5239 649 5292 ⁸¹⁰
662 5237 757 5292 wil·
773 5237 868 5303 lma
887 5235 982 5304 lm?
1016 5237 1102 5290 mil·
1116 5205 1210 5309 wi,
1229 5245 1305 5300 tm.
1390 5253 1440 5312 ee)
1458 5253 1518 5304 noc
1533 5253 1725 5316 umentem
1741 5256 1769 5304 at
1785 5255 1840 5309 tuo
1857 5257 2000 5322 emeratis
2016 5255 2045 5310 ln
2058 5253 2134 5308 Edltt
2147 5240 2219 5300 lilia
2233 5209 2285 5282 ”ii

387 5313 558 5378 Bithynicae.
1425 5321 1543 5378 -tttu
1561 5321 1698 5387 leguntur.
