4648 5794
270 139 344 218 515
554 195 568 221 .,
841 79 1725 210 Pnn.nnb.scnlr‘rtrffl1.otoetca„
2198 135 2251 212 aa

269 312 336 396 cis,
361 307 460 404 quod
475 302 664 398 gratularis
679 297 767 371 mibi
784 298 1040 392 prosectionem
1061 297 1264 370 inltaliam.
1558 306 1697 378 Aliud
1724 316 2049 398 argumentum,

269 407 516 505 Propositioni
543 405 686 476 additur
719 401 944 472 adversativa
980 426 1045 492 per
1081 405 1266 494 quandam

274 513 476 612 querelam,
518 508 616 602 quod
645 506 826 598 improbet
855 501 1044 574 consilium
1066 529 1152 578 suae
1183 528 1269 598 pm.

274 613 447 688 lectionis.
498 609 637 679 Deinde
660 621 712 678 est
734 603 1070 690 adhortatiuncula,
1104 619 1145 678 ut
1167 607 1269 676 adiu·
1323 675 1403 722 cum
1421 649 1721 722 Caesafflomam
1738 645 1980 718 sitvemumg·
2020 640 2060 711 1n
2075 643 2140 710 fine
2154 642 2261 733 P⁰¹¹I¹⁰¹

277 732 355 802 ω’
383 715 652 827 quibuscunque
673 711 785 828 rebus·
802 707 925 800 p⁰⁵⁵it⁰
984 703 1025 776 In
1048 709 1118 780 fine
1142 704 1271 778 ‘idm'
1324 750 1529 824 adhortatio
1567 764 1608 822 ut
1619 751 1706 822 lorti
1719 749 1792 822 sint
1806 748 1941 833 animo,
1967 757 2004 815 et
2014 758 2055 816 ut
2068 745 2193 836 saepius
2206 745 2262 814 scri·

279 817 450 913 taturffl),
477 839 522 882 ne
544 813 687 884 obvram
705 823 858 884 vemat
1323 856 1422 928 bam·
1531 806 1542 838 ⁹

1420 444 1590 518 Narratio
1613 456 1684 527 est,
1723 461 1816 536 quae
1840 440 1998 512 eontinet
2022 459 2184 510 summam
2201 462 2258 510 con·

1321 547 1409 632 silii,
1435 548 1568 620 scilicet
1583 569 1673 640 quae
1690 546 1826 636 agenda
1841 543 1945 616 uxori
1967 555 2003 612 et
2018 538 2133 609 liberis
2147 555 2260 624 censeat,

427 1017 753 1108 Argumentum
788 1011 1014 1105 epistolae
1040 1009 1129 1085 XIII.
1534 1002 1675 1072 Aliud
1708 1012 2026 1094 argumentum
2039 995 2098 1090 ⁸²)

384 1153 578 1248 Sequentes
595 1147 766 1241 epistolae
782 1145 936 1240 scriptae
951 1160 1055 1232 sunt,
1090 1173 1169 1220 curn
1188 1147 1274 1218 Cae·
1427 1138 1566 1232 Scripta
1583 1151 1635 1210 est
1656 1138 1695 1208 in
1715 1137 1833 1208 medio
1854 1136 2010 1208 tumultu
2033 1132 2194 1202 bellorum
2210 1131 2265 1202 ciri-

283 1281 342 1330 sar
357 1257 490 1325 rediret
504 1278 545 1322 ex
554 1251 679 1322 Galliis
695 1253 741 1320 ad
756 1249 882 1320 urbem
897 1253 1154 1342 occupandam.
1196 1251 1275 1320 Pri·
1326 1242 1436 1327 lium,
1459 1266 1537 1311 cum
1555 1241 1680 1312 Cicero
1695 1265 1767 1310 ⁰11³
1784 1265 1864 1310 cum
1879 1239 1953 1308 filio
1980 1237 2025 1306 ab
2047 1235 2131 1313 urbe
2150 1233 2284 1330 secessbp

285 1384 343 1429 ma
361 1370 413 1428 est
430 1353 648 1436 monitoria,
681 1353 806 1445 inqua
820 1352 976 1421 breviter
992 1353 1144 1423 consulit
1158 1353 1276 1436 uxori,
1327 1357 1424 1428 sent,
1449 1367 1560 1413 tumre
1574 1357 1609 1412 et
1625 1341 1782 1411 Tulliola
1798 1343 1938 1413 Romae
1955 1337 2105 1419 relictis,
2125 1334 2284 1424 Dolabella}

285 1461 372 1554 quid
388 1459 427 1528 in
450 1455 659 1526 tumultibus
680 1455 745 1524 sub
767 1454 909 1524 initium
930 1453 1016 1524 belli
1039 1455 1152 1527 civilis
1173 1479 1276 1548 agere
1328 1470 1434 1538 gener
1454 1447 1602 1516 maritus
1617 1445 1816 1530 Tulliolae,
1841 1469 1922 1514 cum
1945 1443 2042 1534 apud
2056 1437 2220 1508 Caesarem
2234 1461 2284 1522 ομ

286 1564 431 1647 debeat,
457 1571 492 1630 et
507 1581 599 1653 quae
617 1579 696 1648 spes
712 1556 758 1627 sit
774 1558 818 1626 de
833 1556 997 1628 Caesare.
1327 1563 1399 1633 set,
1426 1561 1553 1618 etcum
1571 1547 1733 1618 Caesaris
1751 1549 1797 1616 ad
1813 1547 1939 1616 urbem
1962 1547 2133 1612 adventus
2152 1551 2265 1630 expecta
2283 1609 2284 1614 ,

593 1727 603 1744 .
1328 1663 1438 1722 retur.
1484 1649 1653 1720 Continet
1672 1662 1789 1720 autem
1806 1645 1893 1718 haec
1908 1644 2057 1739 epistola
2073 1644 2200 1713 brevem
2213 1663 2265 1709 con·
2283 1669 2284 1674 ¹

532 1727 667 1797 Ahud
699 1738 1029 1818 argumentum·
1328 1753 1578 1836 sultationem,
1602 1764 1723 1822 utrum
1741 1750 1910 1820 Terentia
1936 1760 1972 1818 et
1986 1745 2140 1816 Tulliola
2159 1743 2265 1814 debeant

390 1863 487 1932 Haec
508 1860 656 1954 epistola
680 1859 823 1931 videtur
842 1861 973 1954 scripta
998 1883 1073 1931 esse
1095 1857 1135 1928 in
1157 1855 1276 1927 medio
1328 1857 1466 1926 Romae
1497 1879 1643 1924 manere
1675 1856 1884 1924 adveniente
1908 1851 2083 1932 Caesare,
2124 1871 2165 1916 an
2183 1845 2263 1935 aliquo

288 1977 387 2034 aestu
402 1965 557 2032 civilium
574 1964 763 2034 bellorum.
814 1963 1040 2054 Propositio‚
1063 1984 1155 2054 quae
1169 1956 1279 2029 habet
1328 1960 1503 2030 secedere.

288 2067 491 2134 adiunctam
510 2067 653 2134 brevem
671 2063 951 2134 consolationem
976 2077 1126 2157 propter
1147 2065 1276 2132 adven-

290 2179 363 2236 tum
381 2167 560 2250 Caesaris,
587 2190 631 2234 ne
652 2166 803 2235 nimium
828 2191 918 2236 uxor
939 2166 1179 2258 perturbetur.
1237 2161 1276 2232 In
1480 2145 1804 2236 Argumentum
1833 2141 2066 2236 epistolae
2091 2133 2160 2206 XV·

289 2271 357 2338 fine
374 2283 425 2338 ⁰³¹
440 2269 600 2338 addilflm
621 2267 822 2338 mnium·
1430 2281 1567 2373 Scripta
1585 2292 1637 2350 est
1653 2276 1740 2350 baec
1757 2277 1906 2370 epistola
1930 2287 2015 2368 post
2035 2293 2179 2365 pugnam
2193 2263 2265 2336 Phar·
2284 2335 2285 2360 1

848 2449 856 2465 .
1329 2386 1472 2456 salicam
1497 2397 1532 2453 et
1550 2383 1852 2464 alexandrinam,
1886 2404 1968 2449 cum
1992 2378 2122 2449 Caesar
2142 2374 2199 2441 iam
2218 2369 2285 2448 tnui

429 2447 760 2540 Argumentum
787 2449 1012 2541 ⁶P¹⁸²⁰l³²
1037 2444 1128 2519 XIV·
1329 2487 1468 2556 veniam
1484 2487 1632 2556 dederat
1645 2483 1822 2554 Ciceroni.
1871 2479 2101 2554 Nuntiatoria
2123 2487 2218 2546 autera
2234 2480 2265 2536 est

390 2579 489 2676 Ipsae
513 2609 588 2669 res,
621 2587 665 2654 de
687 2584 815 2680 quibus
838 2585 974 2674 agitur,
1006 2581 1214 2676 praesertim
1238 2579 1276 2650 ln
1328 2592 1372 2658 de
1389 2601 1528 2659 mutato
1543 2586 1691 2656 consilio
1707 2611 1786 2668 saro,
1809 2585 1929 2654 addita
1947 2582 2176 2660 excusatione,
2194 2591 2264 2666 quare

289 2687 517 2780 sequentibus
542 2687 719 2778 epistolis,
763 2699 918 2775 arguunt
939 2709 997 2755 eas
1016 2709 1091 2754 non
1114 2695 1275 2775 tempore
1327 2687 1397 2761 hoc
1413 2705 1573 2783 tempore
1591 2691 1635 2758 de
1650 2688 1723 2759 suis
1740 2689 1845 2758 rebus
1862 2683 1956 2756 nibil
1968 2680 2154 2776 scripserit·

289 2787 405 2870 exilii,
430 2789 491 2858 sed
504 2789 569 2858 snb
585 2787 727 2858 initium
746 2786 830 2856 belli
851 2787 984 2870 civilis,
1010 2810 1091 2856 cum
1112 2785 1275 2857 Caesare

289 2889 405 2960 Gallia
425 2891 615 2960 exercitum
640 2891 678 2960 in
701 2887 840 2960 Italiam
863 2891 1008 2959 duceret
1028 2900 1153 2958 contra
1169 2889 1275 2958 Pom-

288 2991 408 3081 peium
435 2991 583 3084 scriptas
612 3017 698 3064 esse.
762 2993 960 3083 Praecipue
985 2991 1080 3062 enim
1110 2987 1275 3061 bortatur
1430 2990 1588 3082 Simplex
1618 3003 1672 3061 est
1702 2989 1883 3076 narratio,
1923 3011 2017 3081 quae
2044 2975 2265 3056 continuom

288 3117 435 3161 uxorem
463 3091 607 3178 Cicero,
642 3106 681 3164 ut
705 3119 825 3164 secum
847 3095 1038 3177 deliberet,
1079 3118 1127 3164 an
1149 3094 1273 3163 urbem
1316 3106 1457 3189 partes.
1515 3092 1622 3163 Prior
1644 3115 1728 3184 pars
1749 3089 1927 3160 rationem
1951 3084 2062 3159 habet
2081 3077 2195 3155 mutati
2211 3089 2286 3160 ron-t

289 3194 403 3275 exire,
430 3217 477 3262 an
498 3194 619 3284 potius
642 3194 830 3265 Caesarem
854 3197 989 3267 infestis
1014 3195 1123 3284 signis
1145 3196 1191 3265 ad
1215 3218 1275 3263 ur·
1326 3197 1396 3267 silii
1420 3197 1459 3265 in
1481 3195 1656 3264 mittendo
1674 3194 1748 3263 lilio
1770 3195 1817 3264 ad
1833 3192 2038 3262 Caesarem.
2086 3187 2192 3258 Altera
2212 3194 2264 3266 pau

286 3295 368 3362 bem
391 3307 644 3386 properantem
668 3309 852 3386 expectare
877 3298 974 3368 velit.
1031 3297 1148 3390 Atque
1169 3293 1274 3366 huius
1325 3294 1434 3368 habet
1456 3301 1637 3392 quandam
1661 3296 1943 3380 excusationem,
1977 3316 2088 3388 quare
2109 3309 2174 3356 non
2190 3276 2265 3348 multa

286 3395 457 3486 epistolae
474 3409 721 3487 argumentum
738 3399 822 3468 satis
837 3397 990 3480 indicat,
1024 3395 1062 3464 in
1084 3398 1184 3467 cuius
1206 3397 1274 3466 ini·
1325 3401 1524 3492 scripserit,
1552 3423 1644 3492 quae
1659 3410 1780 3468 tamen
1794 3397 1945 3470 exsicca
1962 3393 2161 3466 fidelissimo
2175 3399 2265 3469 cogno

286 3499 336 3566 tio
352 3496 471 3569 statim
489 3499 677 3590 proponit,
702 3511 742 3568 ut
763 3524 854 3569 uxor
878 3499 1066 3571 consilium
1089 3499 1207 3590 capiat
1230 3501 1274 3568 de
1325 3525 1422 3575 scere
1441 3501 1569 3596 potuit.

284 3603 464 3668 manendo
492 3600 547 3668 vel
578 3601 760 3692 fugiendo.
825 3601 965 3672 Deinde
994 3625 1098 3672 snum
1130 3626 1274 3695 quoque

283 3703 469 3770 consilinm
493 3702 633 3788 adiicit,
660 3703 873 3799 quibusdam
888 3705 1055 3776 brevibus
1075 3703 1274 3775 rationibus

285 3805 546 3873 confirmatum.
1427 3805 1684 3899 Comprobatio
1702 3819 1755 3876 est
1767 3805 1968 3876 litterarum
1987 3800 2107 3873 uxoris
2127 3799 2166 3866 de
2185 3791 2265 3876 ingre

1325 3908 1477 3980 titudine
1490 3910 1724 3992 Volumniae,
1752 3907 1871 3977 addita
1887 3903 2141 3998 significatione
2155 3894 2263 3964 aliarum

1324 4013 1563 4083 maximarum
1586 4009 1774 4093 curarum,
1800 4009 1929 4103 quihus
1952 4007 2093 4100 penitus
2114 3991 2263 4070 coniicitur.

382 4096 447 4169 Est
471 4110 507 4168 et
528 4093 616 4168 haec
643 4097 904 4183 admonitoria,
937 4100 1071 4194 inqua
1096 4100 1273 4193 copiosius
1324 4114 1476 4184 orditur
1505 4115 1551 4182 ab
1578 4112 1822 4204 expectatione
1844 4111 2047 4184 litterarum
2070 4101 2181 4176 uxoris
2198 4089 2263 4162 etl·

281 4202 427 4291 exponit
462 4200 566 4270 uxori
594 4223 698 4270 suum
726 4200 934 4285 consilium,
978 4201 1067 4295 quid
1098 4205 1274 4274 existimet
1324 4217 1519 4286 suosaudio
1536 4216 1576 4283 in
1598 4215 1797 4284 scribendo,
1847 4212 1987 4282 Deinde
2011 4210 2109 4281 addit
2129 4190 2263 4272 narratio·

279 4302 485 4374 faciundum
492 4301 552 4394 ³⁰),
579 4326 658 4371 cum
675 4297 812 4374 constet
821 4303 1008 4374 Caesarem
1018 4303 1174 4374 Romam
1187 4329 1272 4375 ven·
1322 4342 1405 4388 nem
1418 4320 1462 4388 de
1475 4315 1729 4408 ingratitudine
1744 4315 1957 4386 volumniae
1975 4326 2012 4384 et
2025 4314 2068 4382 de
2081 4308 2149 4380 ,uis
2161 4295 2241 4372 curis

279 4417 412 4475 turum.
463 4404 579 4474 Habet
595 4417 715 4474 autern
733 4405 939 4477 continuam
957 4405 1203 4480 narrationem
1216 4407 1272 4478 sui

279 4506 436 4589 consilii,
461 4506 554 4600 inm)
572 4507 670 4576 cuins
688 4508 757 4576 fine
779 4509 922 4579 additur
948 4511 992 4578 de
1016 4509 1174 4594 duobus,
1208 4510 1270 4604 qui
2211 4583 2218 4599 ι

276 4606 480 4676 defecerunt
502 4607 702 4679 aCaesare.
758 4606 847 4680 Item
872 4614 1062 4695 admonet,
1094 4623 1135 4681 ut
1160 4635 1269 4705 quarn
1420 4603 1619 4676 Exordium
1638 4607 1683 4676 de
1708 4605 1906 4689 desiderio,
1938 4629 2011 4699 quo
2035 4603 2182 4690 expectet
2199 4585 2261 4654 tae·

276 4708 432 4801 primum
455 4710 638 4780 rescribat.
1319 4731 1378 4778 ras
1390 4708 1528 4790 uxoris3
1555 4710 1640 4778 item
1657 4711 1700 4778 de
1716 4732 1781 4780 suo
1799 4707 1917 4779 studio
1932 4701 2095 4776 mittendi
2110 4678 2260 4766 litterasue!

1318 4835 1480 4882 uxorem.
1532 4811 1701 4904 Sequitur
1718 4809 2006 4893 narratiuncula,
2031 4801 2098 4876 sibi
2113 4791 2259 4894 vehefflffl·l

305 4977 354 5036 29)
373 4973 550 5033 dehortatur]
568 4969 610 5022 elo
628 4969 712 5022 natta
728 4971 820 5039 tata,
842 4971 933 5034 lma
968 4971 1052 5025 notet.
1072 4973 1146 5027 tart.
1190 4976 1266 5034 ¹598.
1318 4925 1373 4983 ter
1394 4912 1578 5032 displiiefe
1595 4911 1810 4984 vohmniae
1833 4908 2131 5026 ingratitudinem
2181 4885 2260 5034 nidd:

339 5045 511 5094 attestetur.
1156 5009 1165 5042 ’
1317 5027 1376 5086 tur
1400 5039 1575 5108 praecisio
1595 5041 1660 5109 per
1680 5016 1862 5111 quandam
1886 5023 2153 5085 correctionem,
2183 5005 2247 5079 ⁵¹l¹¹¹

303 5147 352 5206 so)
369 5143 543 5206 aestuatum]
560 5142 601 5196 no
616 5139 700 5195 rotet
719 5139 812 5207 usa,
836 5142 931 5208 aaran
960 5129 1047 5194 rain.
1067 5145 1162 5214 tarn,
1188 5147 1263 5203 trec.

339 5214 503 5267 ΜΝ
1347 5243 1396 5314 ss)
1416 5247 1474 5298 aaa
1491 5245 1681 5306 argumentum
1699 5241 1787 5296 mon
1804 5237 1944 5308 puntiau
1960 5235 1990 5290 n
2007 5231 2089 5288 rara.
2108 5203 2255 5280 tao-¹³⁹²

300 5316 350 5377 sn
367 5316 411 5380 a]
429 5315 472 5371 aa
486 5315 573 5373 rates.
593 5313 689 5381 aras,
705 5309 797 5378 aaa,
816 5307 906 5377 taren
928 5309 958 5365 n
974 5311 1025 5364 ra.
1046 5311 1120 5366 isra
1140 5315 1232 5374 aean.
1383 5319 1428 5368 en
1443 5315 1575 5368 sautum.

1562 2854 1703 2926 Aliud
1729 2864 2064 2946 argumentum.

1463 3647 1791 3763 Argumentum
1826 3668 2056 3762 epistolae
2082 3657 2165 3734 XVI.

532 3965 670 4036 Aliud
692 3981 1021 4058 argumentum.

1566 4466 1703 4539 Aliud
1737 4478 2063 4560 argumentum.

309 4878 513 4900 ρ*
