4582 5798
6 251 83 327 rte
249 250 356 326 llLll.
401 243 801 328 lurssnrnurarlo
821 241 1120 320 onanoNUM
1144 246 1209 318 Ex
1233 244 1529 322 'fllUCYDlDlS
1553 245 1701 322 LlBllO
1714 243 1758 321 ll.
1924 255 2026 334 106⁰

4 453 27 498 o
53 430 103 498 de
122 425 244 498 multis
266 425 346 498 aliis
368 423 407 495 iu
423 423 575 496 Graecia
598 417 737 493 haberi.
787 417 840 490 Ut
856 430 976 490 autem
1130 415 1216 490 Ideo
1239 443 1334 494 nuuc
1357 433 1523 513 parentes
1543 417 1675 494 horum
1688 447 1765 498 non
1781 427 1939 514 deflebo,
1961 433 2024 502 sed

10 545 88 601 ntea
123 530 294 602 virtutem
326 527 422 598 vitae
450 527 672 599 consuetudo
706 521 901 616 significat,
930 521 980 592 sic
1031 522 1257 596 consolabor.
1324 523 1415 610 Cum
1440 524 1536 595 enirn
1562 525 1676 598 sciant
1704 551 1742 600 se
1763 546 1928 623 expertos
1950 556 2026 607 esse

8 637 180 704 ·nlirmat
201 632 326 704 exitus.
385 630 478 703 Nam
502 631 541 700 in
562 625 618 699 bis
641 627 769 712 etiam,
792 623 855 721 qui
876 635 980 694 antea
1031 623 1151 695 varias
1180 627 1347 703 fortunae
1377 627 1489 711 vices,
1529 628 1689 700 iudicent
1713 631 1832 706 felices
1853 659 1927 708 csse
1950 659 2026 724 eos,

4 735 133 810 bscuri
146 736 313 818 fuerunt,
337 733 518 803 laudanda
536 743 589 803 est
602 730 791 812 fortitudo,
817 749 981 818 cumpro
1032 749 1187 820 quorum
1202 728 1316 802 exitus
1331 741 1385 799 est
1405 730 1603 822 gloriosus,
1631 745 1667 802 et
1685 734 1787 806 vobis
1801 739 2024 828 parentibus,

7 841 103 910 atria
120 837 332 908 dimicantes
347 835 484 906 mortui
498 847 593 907 sunt.
645 831 721 902 Hac
737 828 833 900 enim
849 827 981 900 virtute
1031 851 1107 897 non
1133 829 1219 922 ipsis
1241 831 1394 902 mortuis
1415 833 1578 904 dolorem
1602 835 1724 920 affert,
1768 837 1924 933 quor-'um
1948 841 2022 912 vita

7 945 150 1014 riorem
173 938 426 1032 negligentiam
449 949 627 1029 tegentes,
653 935 746 1028 plus
768 932 983 1026 profuerunt
1032 926 1182 1004 honeste
1195 945 1272 1003 acta
1290 933 1439 1006 etlinita
1458 949 1522 1008 cst.

9 1046 142 1128 atriae,
165 1067 274 1138 quam
288 1041 322 1112 ei
336 1040 438 1135 prins
452 1051 666 1112 nocuerunt.
718 1034 857 1105 florum
872 1057 981 1104 nemo
1137 1034 1219 1106 Scio
1242 1035 1385 1108 difficile
1414 1061 1488 1110 esse
1518 1039 1630 1111 lenire
1662 1040 1844 1128 dolorem,
1884 1069 1964 1116 cum
1986 1045 2026 1116 in

6 1162 48 1220 ut
70 1149 201 1218 volens
229 1145 301 1216 frui
333 1143 487 1228 divitiis,
528 1154 591 1213 ant
615 1163 763 1234 speram
783 1162 821 1209 se
844 1148 981 1208 mutata
1034 1136 1189 1207 aliorum
1212 1139 1318 1212 rebus
1333 1141 1498 1213 secundis
1514 1143 1559 1212 de
1580 1156 1696 1214 vestra
1717 1145 1871 1216 orbitate
1893 1149 2027 1241 cogita·
2080 1214 2087 1230 ,
2143 1197 2151 1216 .

9 1261 203 1345 aupertate
228 1249 376 1319 divitem
406 1248 504 1330 fore,
539 1243 631 1336 fugit
662 1239 733 1311 hoc
764 1237 982 1334 periculum
1034 1240 1137 1324 bitis,
1163 1254 1200 1312 et
1223 1243 1388 1315 dolorem
1411 1247 1528 1316 adfert
1548 1245 1704 1338 privatio
1724 1272 1801 1322 non
1818 1273 1945 1322 eorum
1963 1252 2028 1323 bo-

1 1358 45 1426 ed
64 1353 185 1445 magis
206 1352 399 1422 voluerunt
420 1345 541 1420 hostes
563 1345 776 1440 profligare,
807 1356 843 1413 et
866 1340 983 1412 existi-
1034 1367 1187 1430 norum,
1214 1371 1307 1440 quae
1329 1368 1404 1419 non
1426 1342 1586 1418 habituri
1609 1371 1772 1437 eramus,
1804 1357 1866 1426 sed
1887 1378 2027 1442 eorum,

24 1455 130 1528 antes
151 1452 220 1525 boc
235 1465 417 1524 certarnen
433 1448 723 1523 honestissimum
740 1469 836 1529 esse,
863 1444 984 1516 conati
1035 1469 1128 1541 quae
1152 1443 1354 1522 babuimus.
1421 1449 1491 1526 Sed
1510 1463 1630 1524 tamen
1651 1447 1748 1525 hunc
1769 1457 1930 1528 dolorem
1954 1460 2028 1530 for·

4 1575 70 1633 unt
85 1558 247 1653 depulsis
261 1553 424 1631 hostibus
438 1567 561 1650 postea
578 1552 651 1626 suis
667 1551 774 1624 rebus
795 1547 880 1622 frui.
930 1543 983 1618 lta
1035 1549 1106 1624 tius
1128 1549 1341 1639 feramini,
1373 1580 1529 1648 quorum
1553 1568 1651 1628 aetas
1675 1552 1792 1630 adhuc
1813 1561 1859 1630 ad
1880 1560 2029 1655 gignen-

0 1687 162 1735 raesens
177 1661 398 1755 periculum,
431 1661 530 1755 quod
546 1659 658 1730 oculis
676 1655 888 1737 cernebant,
915 1651 985 1721 ele·
1035 1657 1123 1725 dum
1139 1656 1270 1728 idonea
1288 1671 1352 1730 est.
1392 1659 1485 1730 Nam
1500 1660 1621 1732 futura
1638 1661 1779 1733 soboles
1797 1663 1914 1734 adfert
1936 1666 2027 1735 obli·

10 1780 119 1838 erunt
142 1791 206 1858 spe
221 1766 356 1834 incerta
373 1762 565 1846 victoriae,
592 1774 627 1831 et
651 1758 857 1828 maluerunt
878 1777 984 1848 proc·
1035 1757 1179 1830 vionem
1213 1759 1439 1833 amissorum.
1508 1761 1556 1833 Et
1587 1761 1804 1855 reipublicae
1838 1761 1927 1838 baec
1952 1769 2047 1838 duo'

1 1872 111 1940 ‘ando
130 1869 247 1954 mori,
271 1891 381 1962 quam
395 1863 567 1958 fugiendo
582 1864 692 1933 vitam
708 1859 877 1930 retinere.
902 1855 981 1926 Ma·
1037 1864 1227 1934 commoda
1242 1866 1429 1949 accedent,
1455 1867 1554 1961 quod
1570 1889 1742 1938 numerus
1767 1866 1898 1940 civium
1922 1891 2030 1964 ange-

1 2001 62 2044 um
88 1973 204 2064 igitur
232 1993 384 2063 corpore
416 1969 650 2051 sustinentes,
684 1966 818 2033 famam
849 1961 982 2029 malam
1036 1977 1115 2049 tur,
1149 1979 1186 2037 et
1208 1969 1306 2062 quod
1328 1967 1462 2038 tutiora
1482 1968 1632 2040 consilia
1649 1969 1793 2041 dantur.
1844 1969 1939 2042 Nam
1962 1973 2027 2067 qui

8 2077 215 2169 fingerunt,
240 2097 281 2143 ac
303 2071 514 2143 brevissimo
535 2082 698 2163 tempore
718 2067 903 2135 fortunam
926 2085 985 2132 cx·
1035 2089 1112 2136 non
1131 2064 1266 2140 babent
1298 2069 1431 2142 liberos
1465 2073 1709 2163 periculorum
1758 2072 1906 2158 socios,
1946 2098 2023 2146 non

0 2181 81 2249 erti
96 2188 185 2250 sunt
197 2176 311 2268 magis
326 2199 406 2247 cnm
423 2173 537 2266 gloria
552 2195 661 2268 quam
679 2193 759 2240 cum
775 2178 886 2238 metu.
1036 2169 1186 2262 perinde
1207 2173 1299 2243 iusta
1328 2173 1475 2244 consilia
1499 2175 1588 2244 dant
1609 2173 1761 2267 patriae.
1821 2175 1896 2248 Vos
1928 2201 2029 2263 vero,

102 2279 214 2351 Tales
228 2275 267 2348 bi
283 2280 430 2349 fuerunt
447 2275 548 2370 digni
564 2272 631 2345 hac
645 2271 776 2366 patria.
825 2265 901 2338 Vos
923 2287 986 2336 au·
1036 2273 1101 2366 qui
1118 2286 1234 2344 aetate
1252 2275 1493 2368 processistis,
1518 2276 1637 2348 ducite
1654 2278 1793 2348 lucrum
1809 2302 1903 2364 esse,
1928 2281 2029 2374 quod

1 2407 59 2452 ‘cm
74 2383 285 2476 superstites
301 2394 426 2474 optare
442 2379 587 2475 quidem
601 2377 788 2447 meliorem
800 2372 983 2442 fortunam
1036 2375 1180 2470 longior
1201 2401 1285 2472 pars
1312 2380 1406 2450 vitae
1433 2378 1582 2448 feliciter
1604 2390 1682 2451 acca
1709 2390 1786 2464 est,
1814 2393 1850 2451 et
1876 2381 2029 2473 cogitate

0 2498 108 2570 secel,
134 2487 199 2556 sed
215 2485 402 2556 audaciam
418 2483 572 2552 similem
586 2475 719 2550 habere
736 2474 905 2546 advefsus
920 2465 986 2540 llo·
1036 2479 1215 2576 reliquum
1235 2482 1391 2575 spatium
1413 2483 1522 2554 breve
1543 2483 1621 2553 fore
1632 2536 1643 2569 ,
1669 2483 1768 2576 quod
1790 2482 1905 2556 leving
1920 2486 2028 2556 saciet

0 2602 70 2661 ces.
124 2589 236 2682 Quod
251 2601 293 2658 ut
307 2585 467 2670 faciatis,
491 2583 626 2655 utilitas
642 2589 885 2660 vosmoveat,
910 2596 986 2642 non
1037 2583 1206 2674 cogitatio
1233 2585 1277 2655 de
1301 2584 1414 2678 gloria
1437 2583 1601 2657 istorum.
1660 2584 1755 2657 Nam
1777 2587 1853 2657 sota
1873 2588 2026 2660 dulcedo

0 2704 133 2762 ιιιιιιιιι
152 2715 246 2787 quae
263 2689 428 2770 oratione
448 2683 725 2758 commemorari
739 2692 878 2775 potest,
903 2699 983 2746 cum
1037 2685 1181 2776 gloriae,
1197 2711 1272 2758 non
1294 2687 1462 2773 senescit,
1486 2711 1571 2772 nec,
1604 2698 1644 2760 ut
1668 2686 1815 2781 quidam
1841 2689 1963 2776 aiunt,
1988 2691 2029 2760 in

0 2795 138 2864 1uidem
161 2819 226 2866 vos
247 2792 317 2886 ipsi
338 2790 482 2874 sciatis,¹
502 2801 678 2885 quantum
698 2785 788 2855 boni
804 2782 850 2855 sit
866 2775 986 2850 hostes
1036 2801 1176 2859 senecta
1189 2789 1323 2861 lucrari
1337 2791 1451 2883 magis
1466 2791 1630 2875 delectat,
1646 2815 1755 2886 quam
1765 2788 1905 2863 honore
1921 2793 2027 2865 affici,

1 2898 190 2990 lepellere‚
216 2897 278 2968 sed
295 2893 557 2984 multomagis,
585 2914 677 2986 quae
692 2889 770 2981 ipso
793 2893 986 2975 conspectu
1136 2891 1238 2966 Filii,
1262 2907 1382 2965 autem
1413 2907 1449 2964 et
1479 2893 1651 2964 fratribus
1685 2916 1833 2979 eorum,
1867 2897 1931 2989 qui
1962 2897 2026 2966 ad.

1 3001 88 3072 nbis
103 2999 284 3070 cernitur:
312 2993 419 3068 huius
435 2996 511 3067 sitis
534 3007 733 3074 amatores,
759 2999 795 3059 et
820 2985 986 3076 cogitate,
1036 3005 1139 3080 sunt,
1166 3019 1337 3090 magnum
1358 2995 1538 3069 certamen
1559 2997 1785 3090 propositum
1809 3008 1863 3068 ert
1882 2997 1921 3066 in
1943 2997 2026 3068 imi.

1 3115 130 3172 antam
157 3125 231 3174 esse
253 3102 382 3171 facnm
409 3123 475 3192 per
499 3097 588 3168 tales
604 3098 722 3178 viros,
749 3089 863 3185 quiet
881 3085 987 3156 inlel-
1037 3095 1174 3170 tatione
1200 3099 1422 3172 fortitudinis
1455 3123 1617 3172 suorum.
1675 3097 1769 3172 Nam
1800 3113 2031 3174 mortuorum

2 3218 185 3289 texerunt,
223 3203 311 3298 quid
339 3201 542 3272 faciendum
565 3209 655 3270 esset
677 3193 747 3291 ²⁷),
778 3205 815 3262 θῑ
843 3189 986 3260 swillet
1036 3200 1136 3270 laudi
1152 3225 1260 3273 nemo
1273 3203 1421 3274 invidet.
1470 3200 1541 3272 Vix
1557 3201 1666 3294 igitur
1685 3197 1755 3273 boc
1776 3204 2030 3297 assequemini,

2 3307 67 3378 rusi
88 3320 177 3380 sunt
195 3317 290 3376 recte
310 3306 448 3390 facere,
473 3315 509 3374 et
523 3302 561 3372 in
576 3295 796 3394 perferendis
816 3291 985 3388 periculis
1036 3325 1113 3372 non
1127 3317 1170 3376 nt
1183 3329 1289 3397 pares
1301 3305 1448 3388 vestris,
1474 3307 1536 3375 sed
1558 3306 1668 3397 paulo
1689 3304 1885 3378 deteriores
1906 3308 2027 3378 videa.

4 3410 179 3480 nfamiam
202 3409 382 3492 viltrum,
422 3408 511 3478 01⁵1
534 3405 680 3500 quando
704 3392 986 3489 110M0⁸P⁰¹¹dll
1037 3406 1138 3480 mini.
1189 3403 1329 3479 Invidia
1352 3407 1449 3480 eninr
1472 3407 1633 3480 viventes
1658 3419 1817 3492 exercet,
1846 3411 1907 3480 sed
1931 3435 2057 3481 mon.

4 3525 161 3597 eventus,
191 3533 268 3582 ιιοιι
294 3523 418 3581 tamen
440 3509 601 3601 ipsorum
625 3505 739 3575 virtus
765 3499 903 3594 patriae
924 3498 985 3567 de-
1035 3507 1107 3581 tuis
1122 3513 1372 3583 benevolentia
1387 3514 1464 3583 sine
1480 3510 1739 3580 obtrectatione
1757 3522 1971 3602 praestatur.

5 3615 67 3686 uit.
126 3616 199 3688 Sed
221 3607 503 3707 pulcherrimum
529 3631 661 3679 munus
681 3603 820 3697 patriae
851 3599 985 3671 tribue·
1137 3615 1278 3684 Addam
1303 3628 1340 3685 et
1362 3611 1520 3682 breviter
1543 3611 1682 3706 aliquid
1701 3613 1745 3681 de
1761 3611 1954 3683 mulierum
1969 3636 2028 3683 or·

5 3728 93 3802 arnt,
120 3741 186 3792 sua
204 3716 369 3787 videlicet
392 3734 566 3805 corpora,
592 3733 661 3804 pro
687 3704 816 3800 quibus
835 3701 985 3772 immor·
1034 3713 1167 3798 bitate,
1196 3741 1350 3811 quarum
1376 3737 1507 3806 magna
1528 3726 1581 3786 est
1604 3713 1738 3806 gloria,
1769 3737 1845 3784 non
1869 3737 1944 3788 esse
1969 3741 2028 3788 eas

6 3820 98 3889 diem
115 3821 268 3914 gloriam
286 3827 518 3910 receperunt,
549 3824 586 3882 θῑ
606 3806 843 3881 h⁰¹1⁰fffi⁶³¹¹¹
868 3802 985 3920 sepul-
1036 3815 1286 3890 imbecilliores
1300 3844 1365 3892 suo
1379 3842 1484 3903 sexu,
1510 3829 1546 3886 et
1565 3830 1747 3910 praestare
1764 3815 1804 3885 in
1817 3811 1885 3887 bac
1904 3843 1944 3890 re
1967 3821 2028 3890 de-

6 3941 131 4010 mam,
165 3946 241 3994 non
262 3923 380 3994 solum
403 3932 444 3990 ut
456 3917 507 3988 ibi
530 3937 610 3987 ossa
625 3934 751 3984 eorum
767 3906 884 4003 posita
898 3915 984 3989 sent,
1035 3943 1118 4006 cus,
1144 3920 1268 4017 inqua
1283 3947 1359 3993 no„
1375 3936 1426 3994 ω
1443 3920 1623 4005 vistlam,
1644 3922 1706 3993 δρᾶ
1721 3920 1892 3994 mulieris,
1931 3923 2027 3994 Nam

7 4025 55 4092 scd
69 4036 109 4095 ut
124 4025 242 4118 gloria
256 4047 382 4096 eorum
405 4043 425 4090 a
445 4013 756 4113 praetereuntibus
771 4032 984 4127 quacunque
1036 4021 1106 4092 viri
1119 4024 1197 4096 laus
1219 4038 1273 4098 cst
1294 4027 1334 4096 in
1357 4023 1592 4119 proeliando,
1617 4025 1680 4096 sed
1702 4023 1863 4095 mulieris
1886 4025 1964 4098 laus
1986 4025 2026 4094 in
2046 4015 2053 4026 ’

7 4128 180 4202 occasione
202 4139 377 4223 perpetuo
406 4123 616 4194 celebretur.
673 4116 768 4189 Nam
791 4113 984 4183 illustrium
1036 4121 1284 4201 moderatione
1299 4131 1426 4202 lucrm,

8 4227 154 4303 uirorum
177 4224 405 4325 sepulchrum
427 4224 546 4298 omnis
565 4236 660 4293 terra
684 4230 756 4302 est,
795 4227 830 4286 et
856 4237 985 4286 monn·
1136 4230 1240 4320 Dixi,
1266 4257 1359 4330 quae
1393 4232 1440 4300 ad
1472 4225 1568 4300 hm
1598 4250 1677 4298 fem
1709 4227 1894 4320 pel-finem
1926 4229 2025 4302 ium

8 4345 151 4406 neutum
169 4347 311 4407 estnon
327 4343 467 4402 tantum
484 4324 669 4418 inscriptio
685 4322 724 4391 in
740 4317 903 4437 tumulo,
921 4317 984 4388 red
1034 4332 1172 4426 legem,
1198 4351 1235 4409 et
1258 4337 1331 4408 iarn
1356 4344 1594 4404 monumento
1616 4331 1737 4401 ornati
1751 4344 1835 4402 sunt
1848 4326 1906 4416 bi,
1933 4357 2025 4428 quos
2082 4327 2087 4336 ’

8 4434 101 4508 stiam
121 4463 199 4510 ιιοιι
223 4435 355 4529 scripta
380 4431 576 4515 memoria,
602 4450 694 4524 quae
724 4423 764 4494 in
792 4419 985 4504 tumultus,
1034 4437 1273 4529 sepelivimus.
1325 4438 1439 4513 Natos
1454 4458 1539 4506 vero
1555 4458 1599 4505 ex
1612 4433 1699 4527 ipsis
1720 4433 1861 4527 publice
1884 4434 1955 4506 alet
1976 4436 2025 4506 ci-

9 4557 69 4607 ΜΠ
88 4540 127 4611 in
148 4540 297 4613 tumulib
318 4547 575 4608 commoratur.
609 4529 702 4600 'flos
722 4523 924 4608 imildlliffl,
949 4533 985 4592 eb
1035 4540 1126 4611 vitas
1151 4565 1264 4638 usque
1288 4543 1335 4611 ad
1354 4554 1494 4634 tempus
1516 4537 1732 4631 pubertatis,
1758 4550 1800 4607 ut
1820 4538 2024 4631 exemplum

9 4639 236 4716 existimantes
266 4642 467 4714 libertatem
498 4659 572 4709 esse
604 4627 884 4711 beatitudinem,
918 4649 985 4696 ¹¹0⁰
1035 4646 1200 4718 ostendet
1214 4669 1298 4719 suae
1313 4642 1565 4716 beneficentiae
1582 4663 1667 4734 erga
1691 4664 1768 4724 eos,
1794 4641 1858 4735 qui
1876 4665 1944 4735 pro
1967 4665 2023 4714 ce-

10 4738 70 4812 litte
90 4745 301 4818 fortitudine
326 4744 528 4815 libertatem
541 4734 711 4817 retineri,
735 4730 894 4825 pericula
909 4728 984 4800 bel·
1033 4746 1175 4839 publica
1191 4761 1344 4819 mortem
1361 4756 1548 4841 oppetunt„
1598 4741 1651 4814 lbi
1667 4743 1761 4838 enim
1782 4744 1876 4818 cives
1894 4745 2024 4840 optimi

10 4839 61 4914 ΗΜ
82 4873 156 4920 ⁰⁰¹¹
176 4849 346 4943 defudit&
395 4844 479 4918 ΝΜ
501 4841 598 4914 ‘nim
621 4849 762 4910 “nium
783 4829 983 4904 fflhffliiffii
1032 4853 1135 4935 liunt,
1149 4851 1212 4924 ubi
1226 4851 1388 4946 praemia
1398 4848 1525 4921 virtuti
1540 4846 1695 4918 maxima
1711 4849 1896 4940 proposita
1910 4859 2005 4921 sunt.

11 4961 145 5022 nortem
174 4953 276 5024 facile
306 4951 458 5033 adeant,
489 4947 552 5019 sed
583 4941 693 5014 etiam
716 4936 778 5009 alii
800 4937 982 5018 florentes,

11 5049 79 5138 quia
95 5054 173 5125 siro
185 5057 272 5128 forti
287 5051 486 5146 ignominia
501 5047 640 5120 tristior
659 5055 712 5117 est
725 5051 864 5126 morte,
887 5059 981 5135 qnae
1291 5021 1456 5094 0ffii⁰
1480 5006 1682 5092 Ρθῐῑθιῑῦ
1702 5017 1764 5118 ”)·

12 5169 77 5222 ”¹¹¹¹
93 5159 203 5248 8¹⁰¹'l2
228 5171 264 5230 ⁶¹
285 5181 346 5250 ⁸1³0
362 5153 525 5250 1³¹¹blicae
541 5147 666 5224 ⁸³¹⁰&
681 5147 757 5218 ‘5¹¹⁰
770 5145 880 5236 ¹⁰¹¹b⁰
901 5165 980 5212 ⁰¹⁵⁰·
1132 5160 1216 5234 Non
1240 5170 1294 5231 est
1315 5153 1406 5230 mibi
1426 5158 1647 5250 inexpectata
1665 5152 1866 5246 indignatio
1890 5163 2020 5227 vestra.

12 5249 88 5326 riatu
110 5263 237 5335 aditur.
1030 5263 1189 5340 Intellexi
1211 5262 1309 5333 enim
1332 5285 1392 5333 me
1420 5257 1598 5344 accusari,
1636 5279 1786 5351 eamque
1810 5255 1857 5324 ob
1875 5277 2018 5326 canum

1030 5407 1236 5426 Μ

35 5487 80 5552 ²⁷)
99 5499 188 5560 esset]
205 5497 255 5552 ut.
270 5493 346 5550 tut.
366 5501 464 5547 errore
480 5489 610 5556 typum:
629 5494 703 5538 sare.
1063 5471 1115 5533 w)
1131 5467 1252 5535 {locst
1267 5465 1303 5534 ΙΙ,
1314 5463 1438 5518 tt-tt.
