4702 5802
50 129 113 274 ddi
175 185 290 266 xxttt.
323 185 636 266 ARGUMENTA
658 187 725 265 ET
750 183 954 265 SCHOIAA
977 185 1027 262 IN
1052 177 1204 266 aaut<
1223 189 1337 266 ΒΑΜ.
1363 187 1448 266 ClC.
1473 187 1563 265 LlB.
1577 188 1636 266 Ill.
1660 189 1734 266 ΕΡ.
1753 189 1927 266 11-14.
1940 191 1956 214 ⁵
1988 189 2065 268 302

52 368 148 442 modo
169 367 214 438 ad
234 363 364 438 bellum
389 363 479 436 illud
500 363 540 435 in
555 362 728 458 Hispania
755 375 894 436 motum
916 387 1021 434 vene-

49 467 179 563 rintfl),
204 469 242 540 in
259 491 328 562 qua
345 491 384 538 re
409 469 604 540 admodum
628 467 769 558 mitigat
790 489 916 539 eorum
940 490 1020 557 pec-

49 586 171 654 catum,
194 569 290 668 quod
303 592 403 638 arma
419 581 544 640 contra
555 569 743 642 Caesarem
757 567 882 663 sint²⁸)
898 567 1020 640 secuti.

48 675 198 770 Sequitur
227 669 425 766 propositio
450 671 636 744 continens
660 669 1019 744 commendationem.

47 779 220 848 Adduntur
235 787 272 846 ct
284 773 442 847 rationes
457 774 715 868 propositionis
730 786 892 867 sumptae
911 796 932 842 a
955 795 1018 843 sua

48 893 74 950 et
85 879 213 971 Leptae
229 901 394 970 persona.
447 877 637 952 Conclusio
659 878 819 949 continet
836 873 1019 968 repetitio-

46 981 113 1052 ne'm
133 979 401 1073 propositionis.
460 975 501 1050 ln
517 981 587 1052 fine
605 980 749 1052 additur
766 989 1018 1072 argumentum

47 1087 79 1154 de
99 1083 238 1154 illorum
261 1081 507 1165 facultatibus,
531 1085 629 1177 quod
644 1081 809 1154 videlicet
822 1079 1018 1152 mediocres

47 1200 167 1258 tantum
184 1183 277 1270 sint,
304 1181 485 1255 etiterum
500 1173 624 1256 monet
635 1209 700 1278 per
719 1185 902 1279 quandam
927 1181 1018 1273 peti-

47 1287 180 1372 tionem,
205 1299 246 1357 ut
262 1309 324 1356 eos
344 1279 474 1356 babeat
496 1286 884 1370 commendatissimos,
910 1296 947 1354 et
961 1307 1018 1354 re·

47 1391 140 1462 ditum
156 1415 176 1460 a
192 1388 344 1462 Caesare
356 1387 536 1482 impetret.

269 1555 410 1629 Aliud
436 1570 761 1654 argumentum.

126 1693 290 1788 Epistola
332 1707 386 1768 est
415 1695 719 1766 commendaticia
762 1706 799 1764 et
836 1692 1016 1787 petitoria.

48 1799 262 1870 Commendat
279 1796 375 1868 enirn
392 1809 428 1868 et
441 1795 631 1869 intercedit
643 1821 710 1890 pro
726 1796 867 1868 duobus
875 1797 1017 1870 Calenis

49 1901 199 1972 Suberino
222 1912 259 1970 et
281 1899 431 1985 Planio,
472 1900 536 1995 qui
567 1900 802 1971 interfuerant
828 1899 1016 1991 repentino

49 2005 120 2072 bello
136 2003 172 2072 in
187 2001 364 2096 Hispania
387 2015 569 2074 commoto
595 2027 615 2072 a
633 2001 785 2102 Scapula
808 2002 883 2072 face
900 2001 1016 2072 omnis

48 2100 225 2188 seditionis,
262 2116 300 2174 et
319 2106 529 2175 confirmato
553 2117 677 2198 postea
702 2127 723 2174 a
745 2103 820 2174 filiu
840 2102 1015 2196 Pompeii.

48 2207 139 2278 Simul
151 2219 278 2298 rogat,
302 2219 343 2277 ut
358 2206 511 2278 reditum
535 2207 605 2278 illis
626 2208 723 2300 apud
740 2203 929 2278 Caesarem
950 2205 1016 2274 im-

47 2323 149 2402 petret.
196 2307 328 2380 Primo
342 2307 422 2380 loco
440 2309 588 2401 ponitur
601 2307 783 2393 narratio,
817 2331 909 2402 quae
932 2327 1016 2378 con·

47 2425 100 2482 stat
111 2409 300 2483 artificiosa
316 2409 561 2496 assumtione,
587 2412 686 2504 quod
701 2411 773 2480 sint
788 2410 899 2482 secuti
907 2409 1016 2480 Pom·

48 2515 101 2606 peii
118 2527 246 2608 partes.
308 2509 449 2582 Deinde
470 2526 523 2584 est
543 2514 766 2606 propositio,
796 2535 888 2608 quae
907 2509 1017 2583 habet

48 2615 258 2714 mentemst)
279 2616 640 2688 commendationem.
690 2615 863 2686 Rationes
883 2639 1016 2708 propo·

48 2720 160 2792 titionis
172 2730 368 2791 sumuntur
381 2741 401 2788 a
415 2741 479 2790 sua
498 2731 534 2788 et
547 2715 683 2811 Leptae
703 2741 869 2811 persona.
922 2718 1015 2789 Con-

47 2821 133 2894 clusio
153 2817 265 2894 habet
285 2819 537 2913 repetitionem
559 2819 834 2914 propositionis,
868 2832 904 2892 et
926 2821 1016 2914 peti-

46 2923 175 3009 tionem,
212 2923 357 3000 ut,illis
388 2923 529 2996 duobus
550 2923 708 2994 reditum
738 2922 922 3008 conficiat,
961 2923 1016 2993 in-

46 3025 171 3125 uno⁷')
182 3037 400 3122 argumento
414 3028 458 3098 de
475 3025 636 3120 ipsorum
648 3026 888 3098 facultatibus.

269 3179 410 3253 Aliud
441 3191 767 3274 argumentum.

125 3315 296 3392 Narratio
317 3329 369 3389 est
390 3316 435 3388 de
450 3314 627 3387 Suberino
640 3327 675 3385 et
686 3311 815 3384 Planio
828 3311 1015 3384 familiari-

45 3421 111 3506 bus,
147 3420 208 3516 qni
226 3431 314 3514 post
331 3417 511 3489 devictum
532 3417 719 3487 Afranium
744 3417 783 3486 in
803 3415 1014 3511 Hispaniam

44 3523 267 3617 confugientes
281 3521 470 3615 repentino
484 3519 578 3590 bello
595 3519 755 3612 oppressi
771 3532 885 3592 erant.
924 3519 1016 3593 Nar·

44 3625 197 3698 rationem
213 3625 380 3721 seqnitur
395 3623 671 3694 commendatio.
713 3618 853 3693 Deinde
868 3622 1016 3718 ponitur

43 3728 240 3823 propositio,
284 3751 347 3798 seu
367 3723 514 3819 petitio,
556 3737 597 3795 ut
620 3748 681 3798 eos
702 3721 866 3810 adiuuet,
900 3736 936 3796 et
957 3727 1017 3796 det

44 3855 189 3924 operam,
216 3855 293 3930 quo
307 3828 552 3900 restituantur.
644 3849 649 3866 ⁸

237 3981 376 4055 Aliud
403 3973 794 4074 argumentum'f).

128 4121 190 4192 Est
204 4119 355 4214 epistola
371 4113 687 4198 commendaticia,
713 4136 787 4182 non
804 4113 849 4182 dc
862 4109 925 4183 illo
940 4111 1017 4182 vul-

44 4222 107 4312 gari
121 4248 272 4316 genere,
298 4223 360 4297 setl
376 4220 549 4314 singulari
573 4241 656 4289 cura
678 4228 713 4285 et
735 4215 917 4308 diligentia
933 4213 1018 4286 scri-

43 4337 103 4413 pta.
156 4325 382 4419 Deprecatnr
405 4336 523 4396 autem
546 4345 613 4415 pro
637 4317 849 4414 quibusdam
874 4315 1018 4388 calami-

43 4428 262 4502 tosiscivibus
275 4429 434 4513 Calenis,
461 4426 541 4521 qui,
567 4424 665 4519 quod
681 4420 718 4491 in
735 4419 908 4514 Hispania
934 4443 1031 4496 con·,

42 4537 90 4600 tra
108 4529 294 4605 Caesarem
323 4554 424 4602 arma
454 4537 655 4622 gesserant,
694 4523 733 4592 in
766 4522 872 4593 exilio
904 4535 1018 4593 erant.

42 4631 123 4704 Orat
143 4635 271 4729 igitur,
303 4646 345 4706 ut
357 4631 543 4704 Dolabella
566 4626 636 4698 illis
656 4625 799 4696 veniam
824 4649 844 4695 a
867 4621 1018 4698 Caesare

43 4735 213 4832 impetret,
239 4752 273 4808 et
288 4731 443 4809 reditum
460 4735 498 4804 in
513 4730 667 4827 patriam
686 4727 862 4798 conficiat.

45 4877 233 4892 *nn——

71 4941 116 5002 77)
133 4941 274 5002 venerint]
292 4935 334 4992 sio
350 4937 427 4988 recte
445 4933 496 4987 Ed.
511 4931 603 4997 Mt
627 4928 713 4981 nutu.
727 4927 815 4994 tm,
836 4923 922 4990 tm,
942 4921 1018 4976 7777.

73 5010 265 5154 sabillino
279 5092 330 5145 rra.
349 5088 443 5152 esse,
467 5085 551 5138 certe
566 5082 659 5150 rsus,
680 5079 773 5145 roeo„
792 5077 868 5130 asoa
884 5079 958 5128 nrt

74 5177 118 5237 74)
136 5179 287 5242 fugentem]
305 5176 354 5227 Ed.
378 5173 452 5224 1769.
468 5171 556 5222 nus:
580 5168 610 5218 to
626 5169 745 5233 gentem.

70 5261 251 5380 surgeres]
268 5255 519 5322 ercamserta,
539 5252 631 5319 rasa,
650 5250 742 5318 rosa,
765 5249 816 5302 rt.
836 5247 912 5300 ress
929 5245 1020 5300 urer-

96 5341 126 5379 Ιθ
170 5363 177 5378 .

67 5411 114 5476 tt)
129 5415 187 5466 Eoo
202 5415 400 5482 ammenta·
416 5406 521 5477 luitur
536 5404 566 5460 la
580 5397 667 5459 Mitt.
687 5401 882 5456 fild-w.

1237 361 1422 440 Scholia
1456 364 1502 435 in
1536 363 1779 460 epistolam
1806 361 1899 435 xlv,

1176 514 1207 612 ἓ.
1232 519 1266 592 1.
1308 523 1384 594 Etsi
1412 515 1604 619 contentus]
1644 517 1847 590 Gratulatio
1878 527 1930 588 cst
1958 511 2062 584 initio
2180 579 2187 594 ,
2295 517 2297 524 ”

1071 621 1219 714 figurata
1235 621 1282 718 ⁵¹⁷)
1308 625 1553 696 translatione.
1620 623 1808 694 Transfert
1834 619 1930 692 enim
1961 618 2060 690 inse

1070 738 1209 820 partem
1229 726 1369 796 consilii
1385 739 1420 795 et
1433 726 1516 796 facti
1531 725 1749 796 Dolabellae.

1174 823 1205 920 ἓ.
1219 832 1256 902 2.
1282 831 1369 900 Son
1382 823 1556 924 caim”)]
1582 828 1638 898 Ab
1657 826 1831 918 exemplo.

1174 925 1205 1020 §.
1221 929 1256 1002 S.
1292 935 1335 1002 l..
1355 934 1488 1026 paridem
1511 926 1657 1028 Caesar]
1689 931 1722 998 A
1744 927 1949 1002 testimonio
1972 925 2060 1002 Cae·

1069 1029 1159 1102 saris
1170 1029 1231 1126 19).

1172 1129 1203 1224 §.
1228 1131 1263 1206 4.
1303 1133 1529 1228 Quamquam,
1564 1136 1611 1202 mi
1632 1129 1827 1231 Dolabella]
1861 1126 2060 1212 Correctio,

1068 1247 1175 1324 negat
1197 1259 1235 1306 se
1260 1236 1510 1332 decerpturum
1534 1233 1672 1328 aliquid
1693 1235 1737 1304 de
1758 1235 1923 1304 laudibus
1947 1229 2058 1301 Dola-

1069 1335 1193 1408 bellae.
1270 1343 1360 1409 Num
1376 1361 1477 1432 quum
1489 1331 1543 1434 te]
1567 1336 1624 1406 Ab
1637 1360 1761 1406 amore
1777 1361 1860 1428 erga
1875 1337 2005 1428 ipsum.

1171 1433 1201 1530 5.
1217 1437 1253 1510 6.
1286 1441 1398 1524 Quare
1419 1443 1499 1532 quid
1519 1435 1590 1536 est]
1620 1435 1857 1524 Adhortatio‚
1889 1461 1969 1508 cum
1992 1430 2058 1504 ho·
2110 1491 2118 1506 .

1069 1539 1214 1610 notifica
1240 1539 1506 1633 praedicatione
1530 1541 1634 1626 facti,
1672 1541 1838 1610 videlicet
1867 1563 1887 1608 a
1920 1541 1989 1608 frue
2023 1548 2065 1604 et

1069 1640 1153 1738 a⁸⁰)
1176 1643 1343 1722 consilio;
1392 1665 1412 1710 a
1435 1641 1525 1726 bne,
1569 1645 1666 1738 quod
1690 1645 1829 1735 placeat
1850 1641 1957 1712 etiarm
1978 1637 2057 1707 iufr-

1068 1743 1135 1818 mis
1151 1743 1215 1842 ⁸·¹);
1256 1769 1277 1814 a
1300 1741 1469 1829 consilio,
1508 1747 1607 1839 quod
1628 1745 1792 1816 videlicet
1815 1767 1890 1814 non
1912 1755 2059 1822 temere,

1068 1849 1131 1919 sed
1147 1845 1365 1946 consulto⁸⁸)
1380 1870 1455 1918 rem
1473 1847 1672 1943 perfecerit.

1356 2002 1681 2096 Argumentum
1697 2005 1757 2102 ω).

1169 2139 1328 2234 Epistola
1347 2152 1400 2210 est
1417 2139 1578 2237 longe⁸⁴)
1600 2140 1828 2223 suavissima,
1862 2134 1961 2208 cuius
1986 2131 2058 2202 vir-

1068 2254 1160 2314 tutes
1190 2255 1226 2314 et
1252 2254 1465 2311 ornamenta
1495 2266 1603 2312 nemo
1633 2257 1860 2338 assequetur,
1900 2235 1969 2309 nisi
1995 2235 2057 2332 qui
2160 2285 2162 2290 .

1066 2345 1208 2439 saepius
1229 2368 1268 2415 ea
1284 2344 1432 2436 legenda
1449 2369 1485 2415 se
1501 2345 1707 2416 exercuerit.
1770 2343 1819 2414 Ut
1841 2355 1959 2412 autem
1984 2362 2058 2408 me-

1066 2446 1135 2520 lius
1151 2447 1302 2538 intelligi
1317 2445 1448 2540 possit,
1473 2447 1651 2546 principio
1667 2443 1816 2518 historia
1835 2443 1988 2514 tenenda
2005 2453 2058 2512 cst

1067 2553 1111 2622 de
1135 2551 1322 2622 consulatu
1337 2548 1544 2620 Dolabellae
1565 2550 1719 2642 collegae
1733 2545 1895 2618 Antonii.
1945 2539 2056 2613 lulius

1067 2654 1198 2726 Caesar
1213 2652 1340 2749 quinto
1356 2675 1453 2720 anno
1471 2665 1553 2744 post
1568 2665 1776 2744 occupatam
1799 2644 2057 2739 rempublicam

1067 2769 1104 2827 et
1129 2757 1295 2826 omnibus
1322 2754 1532 2826 tumultibus
1552 2753 1684 2846 passim
1708 2749 1914 2844 compositis
1939 2759 1974 2816 et
1994 2769 2059 2838 op-

1066 2858 1216 2953 pressis,
1253 2881 1334 2928 cum
1366 2855 1420 2927 M.
1446 2855 1606 2926 Antonio
1636 2857 1801 2951 quintum
1833 2850 2057 2923 consulatum

1067 2974 1145 3030 erat
1162 2958 1487 3030 administraturus.
1547 2957 1616 3028 Sed
1629 2957 1763 3030 Brutus
1780 2968 1815 3026 et
1830 2951 1970 3025 Cassius
1985 2974 2058 3022 sce·
2121 2991 2130 3004 „

1066 3061 1170 3131 lerati
1183 3056 1367 3144 homines,
1401 3060 1493 3130 facta
1509 3058 1774 3152 conspiratione
1787 3069 1910 3129 contra
1929 3052 2057 3123 Caesa-

1066 3188 1162 3248 rem,
1197 3159 1317 3234 ldibus
1332 3161 1473 3232 Martiis
1496 3161 1535 3230 in
1550 3161 1658 3232 Curia
1683 3185 1765 3232 eum
1790 3157 1980 3231 crudeliter
2004 3154 2058 3224 in-

1067 3265 1281 3338 terfecerunt
1304 3289 1383 3335 cum
1403 3264 1561 3334 maximo
1579 3263 1797 3356 reipublicae
1813 3259 2058 3332 incommodo.

1067 3369 1188 3464 Quare
1210 3393 1255 3439 ne
1278 3365 1496 3460 respublica,
1527 3367 1713 3438 interfecto
1730 3365 1900 3446 Caesare,
1925 3359 2090 3432 diutius'

1067 3473 1171 3544 certis
1193 3471 1397 3542 consulibus
1422 3483 1578 3555 careret,
1610 3469 1653 3540 P.
1669 3469 1856 3542 Cornelius
1870 3461 2059 3536 Dolabella

1068 3601 1088 3646 a
1106 3588 1233 3648 senatu
1247 3573 1299 3642 M.
1313 3572 1474 3642 Antonio
1493 3573 1625 3665 collega
1650 3575 1754 3643 datus
1770 3581 1833 3642 est.
1892 3566 1950 3636 Ad
1974 3589 2057 3636 eum

1068 3678 1188 3772 itaque
1204 3672 1263 3746 hic
1279 3673 1402 3748 scribit
1415 3673 1561 3758 Cicero,
1588 3687 1624 3744 et
1643 3673 1856 3744 mirabiliter
1876 3665 2059 3762 praedicat

1068 3780 1311 3860 cinefactum,
1338 3777 1436 3872 quod
1457 3774 1496 3843 iu
1519 3799 1581 3846 eos
1605 3775 1730 3848 durius
1752 3764 2057 3852 animadverterit,

1068 3880 1146 3980 qui'
1161 3880 1200 3949 in
1228 3882 1352 3950 funere
1378 3877 1541 3950 Caesaris
1570 3877 1837 3948 concitaverant
1863 3872 2057 3945 tumultum

1068 3986 1236 4056 adversus
1264 3981 1508 4052 interfectores
1538 4005 1613 4052 non
1644 3979 1852 4070 dissimilem
1878 3969 2059 4056 seditioni,

1069 4101 1104 4157 et
1117 4085 1223 4158 simul
1238 4079 1425 4169 hortatur,
1452 4096 1493 4155 ut
1512 4096 1638 4178 pergat
1658 4085 1783 4154 eadem
1804 4075 1991 4152 severitate
2016 4096 2059 4144 ac

1068 4186 1257 4285 prudentia
1284 4185 1534 4259 administrare
1558 4186 1794 4258 consulatum.
1851 4177 1974 4251 Utitur
1996 4200 2059 4248 au·

1068 4304 1141 4362 tcm
1157 4289 1260 4360 initio
1276 4292 1433 4385 quodam
1453 4288 1625 4374 artificio,
1650 4289 1749 4384 quod
1771 4281 1946 4378 significat
1969 4277 2058 4350 alio·

1071 4449 1278 4468 m

1102 4527 1153 4589 77)
1169 4525 1305 4594 umecta]
1322 4523 1373 4577 lt
1392 4521 1468 4576 ttu-
1489 4531 1587 4574 errore
1603 4521 1731 4588 tymi
1753 4517 1893 4585 amau.

1104 4615 1153 4675 78)
1171 4613 1226 4665 Pro
1249 4611 1293 4661 ru
1317 4608 1373 4661 cto.
1397 4605 1491 4658 verbts
1512 4605 1541 4657 la
1565 4607 1650 4660 aute
1670 4606 1764 4674 tm,
1788 4605 1865 4656 two.
1890 4598 1952 4654 bule
1975 4599 2067 4658 natta

1138 4681 1279 4743 stmrtpte
1295 4678 1362 4728 sont
1378 4674 1535 4739 masada:
1554 4677 1610 4730 nst
1628 4678 1726 4728 tem
1740 4687 1809 4727 eon.

1102 4768 1153 4828 77)
1171 4769 1247 4818 tteeo
1262 4765 1331 4814 note
1346 4760 1376 4812 ln
1393 4761 1490 4812 ttsden
1506 4761 1525 4814 7
1540 4761 1626 4814 attat.
1644 4761 1731 4814 deut

1102 4851 1152 4912 ω)
1168 4853 1201 4912 o]
1220 4849 1249 4900 tu
1266 4847 1362 4898 tuae·
1379 4847 1398 4900 7
1414 4846 1499 4898 astte
1518 4847 1612 4899 orales.

1100 4932 1378 5056 ⁸¹},2‘,¹⁸¹,',¹¹¹,2“,¹¹'³
1396 4933 1438 4986 nro
1453 4932 1539 4984 autc
1554 4931 1762 4998 asar-ross,
1784 4931 1876 4998 rost,
1896 4927 1987 4996 raam
2006 4927 2059 4982 re.

1101 5088 1312 5210 mwppplpplto]
1329 5085 1372 5139 sto
1382 5084 1468 5140 rust.
1483 5083 1685 5153 rma-asts,
1705 5083 1792 5149 tate,
1811 5082 1905 5150 latim
1921 5081 1970 5134 Ed
1984 5079 2061 5132 1770.

1100 5243 1150 5302 aa)
1174 5240 1444 5360 iaegfflffiim
1462 5239 1491 5288 et
1508 5235 1562 5288 tuo
1579 5237 1725 5302 seqsemts
1742 5237 1770 5288 tn
1787 5235 1872 5290 nutat.
1889 5233 1975 5304 rsus,
1993 5229 2063 5288 7777

1100 5395 1151 5458 at)
1167 5393 1265 5461 tange]
1283 5391 1332 5445 rt.
1351 5389 1428 5443 tm.
1445 5403 1543 5446 errore
1559 5391 1689 5458 typam
1709 5390 1808 5452 mre
