4584 5796
2038 55 2056 90 Ι

43 187 105 268 sss
148 175 263 255 xxm
305 129 695 252 arcuumraur
713 145 1271 260 mantuanensem
1289 181 1376 258 erc
1399 181 1488 258 ura.
1504 181 1580 258 vx.
1606 181 1680 258 nr.
1696 183 1759 262 24.
1776 181 1839 262 2⁵.
1855 185 1918 260 so.
1969 189 2047 266 ere

39 355 211 434 destituerit
237 345 454 440 Phameam,
496 343 595 426 cuius
628 375 771 424 causam
803 359 999 443 receperat.
1050 366 1190 428 mentes
1206 368 1269 430 est.
1320 351 1373 428 lbi
1389 353 1522 426 Caesar
1537 367 1655 426 motus
1671 352 1870 426 reverentia
1887 367 2044 443 mortus,

37 459 219 540 Narrationi
255 455 398 528 additur
429 456 577 548 insignis
605 453 797 553 descriptio
823 477 998 546 personae
1049 481 1174 530 rursus
1197 459 1332 534 dimisit
1347 457 1532 536 Catonem.

37 563 167 656 Tigellii,
191 560 254 656 qui
266 559 467 630 molliculus
487 571 582 643 erat,
608 559 773 629 diffluens
788 557 938 640 deliciis,
964 570 999 627 et
1153 558 1234 654 Μ.
1270 563 1379 664 Νιῦ)
1402 559 1655 663 immersum]
1690 565 1727 634 id
1753 579 1824 650 est,
1856 589 2043 662 nunquam

37 667 161 740 omnino
182 665 315 733 alienus
336 661 531 748 alitteris,
564 673 600 731 et
631 661 730 730 omni
760 655 997 730 humanitate.
1048 663 1209 738 discedas
1238 667 1283 736 ab
1312 667 1372 736 illa
1402 668 1664 740 exercitatione.
1731 668 1964 740 Observanda
1989 683 2044 742 cst

37 768 200 841 Conclusio
236 761 341 834 habet
377 765 522 833 brevem
552 763 803 854 repetitionem
834 785 996 832 summae
1046 763 1137 836 hacc
1154 769 1302 861 epistola
1319 781 1465 860 propter
1482 770 1624 840 laudern
1641 769 1742 864 styli,
1768 795 1875 870 quern
1898 766 1958 840 hic
1978 794 2042 839 vo-

35 869 234 942 rarrationis.
297 865 339 936 ln
370 867 439 935 fine
471 878 523 936 est
547 865 768 951 admonitio,
800 875 842 934 ut
860 863 994 934 librum
1048 881 1104 940 cat
1119 870 1261 942 dicendi
1278 871 1453 964 opificem.

35 975 179 1045 Catonem
196 992 304 1062 quarn
321 967 478 1060 primurn
496 967 626 1040 mittat.
734 997 738 1009 ¹
1339 1033 1726 1134 Argumentum»)

1146 1166 1210 1240 Est
1224 1171 1354 1264 scripta
1369 1173 1539 1266 epistola,
1572 1173 1734 1242 nondum
1751 1169 1853 1240 linito
1871 1171 1965 1239 hello
1983 1169 2039 1242 in·

109 1273 203 1345 Loco
219 1274 357 1343 exordii
372 1274 489 1366 posita
505 1285 558 1343 est
578 1271 778 1365 propositio
802 1271 847 1342 de
870 1291 993 1338 amore
1045 1282 1099 1366 ter
1114 1269 1302 1344 Caesarem
1321 1287 1356 1346 et
1369 1275 1605 1367 Pompeium,
1636 1275 1698 1345 sed
1719 1287 1840 1343 tamen
1862 1271 1935 1342 iam
1961 1285 2040 1344 crat
2127 1349 2129 1357 ,

34 1379 237 1448 ctroluntate
253 1377 348 1446 Galli
371 1399 454 1468 erga
477 1375 622 1444 amicos.
680 1373 870 1457 Narratio,
902 1393 994 1466 quac
1043 1372 1184 1463 fugatus
1196 1373 1401 1468 Pompeius.
1451 1377 1617 1446 Priorem
1633 1388 1752 1446 autem
1768 1374 1937 1466 epistolae
1953 1397 2036 1466 par-

32 1481 181 1572 sequitur,
222 1474 332 1550 habet
353 1475 731 1547 commemorationem
752 1474 993 1566 improbitatis
1044 1485 1114 1542 tem
1138 1477 1255 1547 noluit
1284 1479 1433 1569 intelligi
1455 1478 1592 1550 Cicero.
1646 1475 1725 1548 Etsi
1756 1475 1847 1558 sint,
1889 1473 1953 1570 qui
1984 1473 2035 1544 ita

33 1581 165 1670 Tigellii,
197 1603 306 1674 quem
328 1592 483 1649 extreme
504 1603 542 1649 se
565 1579 680 1648 odisse
704 1577 869 1648 ostendit.
900 1575 993 1644 'Ad-
1044 1577 1263 1661 existiment,
1296 1605 1377 1648 eum
1399 1581 1501 1674 loqui
1525 1579 1563 1648 in
1587 1575 1655 1648 hae
1671 1578 1819 1670 epistola
1836 1577 1880 1646 de
1898 1576 2035 1646 Catone

34 1683 292 1766 dituretcausa,
325 1705 435 1775 quare
452 1681 622 1772 Tigellius
639 1679 803 1750 Ciceroni
818 1679 864 1750 sit
878 1679 992 1747 lactus
1042 1678 1422 1773 aGalloconscripto,
1454 1705 1559 1776 quem
1585 1681 1717 1750 librum
1743 1681 1781 1748 in
1806 1677 2036 1771 praecedenti

33 1784 257 1878 iniquissimus.
335 1783 506 1874 Epilogus
536 1779 645 1850 babet
686 1780 915 1873 proverbium
946 1778 990 1848 de
1042 1781 1190 1872 epistola
1212 1783 1333 1873 petiit3
1366 1796 1487 1852 tamen
1511 1777 1603 1878 bi⁴⁰)
1621 1781 1861 1850 coniecturam
1876 1802 2032 1874 sequun·
2117 1823 2120 1842 .

34 1886 213 1979 contemptis
228 1899 265 1955 et
280 1885 452 1976 improbis
467 1881 692 1966 hominibus,
717 1885 831 1976 qualis
846 1875 914 1952 fuit
928 1879 990 1948 Ti·
1042 1895 1118 1966 tur,
1160 1908 1272 1978 quae,
1315 1896 1462 1955 utnon
1490 1883 1640 1954 omnino
1662 1895 1757 1953 certa
1780 1881 1940 1966 videtur,
1980 1881 2030 1948 ita

33 1989 138 2077 gellius.
178 1987 360 2078 Significat
375 1999 492 2056 autern
503 1985 628 2055 Cicero
646 2009 689 2053 ex
704 1984 763 2054 illa
778 1985 879 2054 brevi
894 2005 989 2052 com-
1042 2009 1184 2079 quoque
1199 1999 1340 2056 nonest
1355 1987 1550 2056 admodum
1565 1985 1806 2056 incommoda.
1856 1979 1898 2050 ln
1919 1982 2030 2050 altera

32 2090 261 2159 memoratione
285 2089 388 2157 lacile
411 2113 512 2180 posse
543 2087 738 2176 intelligere
758 2087 901 2156 Gallum
927 2083 990 2152 Ti·
1040 2111 1126 2156 vero
1149 2101 1250 2180 parte
1272 2083 1362 2156 nihil
1386 2102 1438 2160 est
1465 2087 1626 2171 obscuri,
1665 2087 1703 2156 in
1724 2110 1794 2180 qua
1819 2078 2032 2156 adhortatur

33 2192 144 2282 gellium
168 2215 239 2262 esse
263 2189 567 2282 improbissimum
593 2201 627 2258 et
646 2190 801 2259 maxime
823 2209 990 2256 accusan·
1041 2212 1134 2259 eum.
1205 2189 1390 2280 Principio
1421 2203 1607 2281 ponuntur
1636 2190 1767 2260 breves
1794 2185 2031 2256 narrationes.

34 2296 110 2366 dum.
149 2293 188 2364 ln
204 2295 278 2362 fine
294 2305 347 2363 est
363 2288 687 2362 adhortatiuncula.
1040 2288 1177 2360 Deinde
1201 2291 1361 2384 sequitur
1383 2287 1608 2374 adhortatio,
1649 2290 1689 2360 in
1713 2313 1785 2383 qua
1805 2299 1930 2357 monet
1947 2285 2032 2356 Gal·

1039 2392 1135 2476 lum,
1168 2406 1208 2463 ut
1230 2389 1300 2464 sibi
1321 2405 1496 2484 temperet
1518 2416 1540 2461 a
1560 2379 1937 2462 scribendis'dicteriis.
1988 2383 2030 2456 ln

1039 2495 1108 2564 line
1123 2490 1336 2565 adhortatur
1351 2519 1432 2566 eum
1451 2496 1498 2564 ad
1513 2493 1670 2566 studium
1685 2489 1876 2565 scribendi.
1999 2581 2005 2593 .

257 1137 395 1208 Aliud
421 1148 746 1229 argumentum.

214 2461 358 2534 Aliud
383 2456 768 2554 argumentum⁸⁸).
800 2525 803 2532 .

109 2601 245 2684 Gallus,
280 2609 321 2669 ut
342 2597 501 2680 videtur,
533 2594 779 2676 laboraverat,
810 2603 852 2662 ut
871 2589 989 2682 Tigel-

33 2701 99 2772 lium
116 2701 278 2774 Ciceroni
305 2697 567 2780 reconciliaret,
586 2695 714 2789 'idque
743 2719 822 2764 cum
852 2694 990 2764 efficere

33 2805 196 2898 recuset,
222 2801 351 2875 Cicero
366 2800 502 2893 gratias
513 2798 546 2867 ei
563 2799 636 2890 agit
650 2821 718 2889 pro
742 2819 783 2866 ea
805 2796 989 2866 voluntate
1019 2813 1022 2850 1
1141 2794 1339 2888 Scripserat
1353 2796 1477 2868 Gallus
1492 2798 1537 2866 ad
1554 2790 1782 2882 Ciceronem,
1812 2805 1855 2866 ut
1869 2791 2033 2886 aliquan·

1283 2658 1423 2732 Aliud
1454 2673 1784 2754 argumentum.

31 2919 57 2977 ct
72 2909 182 2978 officio.
239 2905 293 2976 Et
313 2904 441 2974 deinde
463 2901 657 2971 insectatur
678 2898 868 2990 Tigellium
894 2921 990 2965 com·
1040 2896 1155 2966 tulum
1172 2899 1264 2990 stylo
1279 2912 1454 2990 parceret,
1478 2912 1514 2968 et
1529 2900 1707 2970 desineret
1728 2898 1870 2968 irritare
1891 2893 2033 2986 scriptis

31 3032 361 3080 memoranscausaro
377 3003 596 3072 inimicitiae.
646 3000 710 3072 Est
724 3024 809 3070 vero
833 2999 892 3067 ille
914 2999 989 3089 ipsc
1041 2998 1242 3071 Caesarem.
1292 2998 1376 3070 ldeo
1393 3000 1432 3068 in
1448 2995 1515 3069 hae
1530 3000 1678 3092 epistola
1694 2999 1887 3090 respondet
1906 2997 2031 3066 admo·

33 3109 191 3200 Tigellius,
217 3115 264 3182 de
281 3133 352 3203 quo
369 3119 420 3178 est
436 3104 580 3174 initium
601 3102 662 3175 lib.
678 3105 712 3174 1.
730 3113 839 3194 satyr.
853 3106 889 3174 2.
916 3101 990 3169 llo·
1040 3100 1183 3172 nitiooi.
1246 3099 1429 3193 Significat
1449 3115 1568 3172 autern
1593 3102 1631 3170 in
1652 3125 1813 3184 summa,
1852 3095 1922 3168 hoc
1947 3120 2032 3166 con·
2149 3136 2154 3145 ·

32 3213 143 3310 παῦ’).
176 3211 464 3286 Ambubaiarum
495 3204 661 3298 collegia,
708 3205 773 3274 dcr
802 3201 990 3274 hademeid
1040 3202 1159 3273 silium
1175 3203 1390 3301 utrisque⁴¹)
1403 3206 1623 3298 sequendum
1641 3228 1727 3274 esse.
1755 3200 1916 3272 Caesaris
1932 3198 2029 3268 enirn

32 3313 136 3389 zunffr,
808 3349 811 3356 ·
924 3329 946 3353 ·
1040 3304 1239 3396 potentiam
1262 3329 1430 3402 magnam
1452 3318 1488 3375 ct
1509 3307 1738 3376 metuendam
1755 3329 1840 3376 esse.
1891 3299 2058 3372 Princi·'

1041 3406 1102 3498 pio
1119 3420 1304 3500 ponuntur
1317 3408 1409 3478 duae
1424 3408 1548 3478 breves
1563 3407 1800 3479 narrationes.
1859 3404 1924 3476 llis
1948 3403 2031 3475 sub-

122 3497 307 3573 Scholia
331 3494 377 3566 in
405 3491 651 3586 epistolam
678 3485 875 3586 XXVI·³³)·
1040 3509 1160 3580 iicitur
1180 3505 1405 3594 adhortatio,
1429 3534 1519 3602 quae
1542 3524 1595 3580 est
1616 3511 1792 3603 quaedam
1817 3505 2031 3598 comproba·

108 3653 138 3750 ᾗ,
160 3659 195 3730 1,
237 3653 333 3738 Quod
352 3649 525 3738 ,moram
551 3638 771 3739 comm]
804 3637 990 3713 Narratio,
1041 3610 1092 3679 tio
1116 3611 1255 3682 consilii
1275 3611 1390 3694 Galli,
1430 3611 1611 3695 videlicet,
1649 3635 1724 3679 non
1754 3635 1829 3681 esse
1853 3607 2028 3680 utendum

30 3779 87 3826 nes.
189 3758 376 3826 gamm
405 3746 548 3848 γέλωτα
576 3740 818 3842 affirm]
859 3741 990 3810 Ridere
1040 3712 1204 3782 libertate
1236 3712 1416 3830 scribendi
1429 3724 1552 3781 contra
1571 3712 1778 3796 Caesarem,
1819 3711 1905 3780 item
1930 3720 2032 3777 caute

29 3859 118 3930 risum
139 3855 354 3930 sardonium
369 3851 417 3948 ⁸⁸)
441 3863 510 3936 est,
547 3849 585 3918 in
606 3871 647 3918 ea
669 3871 709 3918 re
731 3870 804 3917 esse
826 3840 990 3929 hilarem,
1039 3815 1259 3908 l⁰qu⁹¹¹d¹¹m
1275 3826 1311 3883 0²
1324 3815 1548 3884 ⁸⁰¹¹h²¹¹d¹¹¹¹¹
1566 3839 1639 3886 ²⁵⁶²
1654 3815 1697 3884 ‘le
1714 3837 1770 3884 ⁰⁰·
1818 3811 1860 3882 1¹¹
1877 3813 1947 3882 5¹¹²
1963 3833 2028 3900 P0·

30 3985 100 4052 qua,
126 3962 232 4052 paulo
266 3969 348 4049 9051
376 3977 546 4046 magnum
580 3949 715 4020 malum
746 3960 800 4018 ,st
826 3946 988 4017 allatura·
1040 3917 1140 3986 nitur
1168 3915 1387 4008 praedicatio
1418 3916 1606 4008 magnilica
1635 3915 1896 3987 exercitationis
1934 3910 2029 4004 styli,

29 4064 68 4133 Ne
85 4071 119 4136 ia
135 4051 394 4154 Catonium⁸²)]
428 4057 557 4137 idest,
589 4053 628 4122 in
652 4071 841 4120 carcerem.
899 4047 988 4118 Cato
1042 4020 1140 4114 ‘iuml
1171 4015 1336 4088 Videlicet
1373 4017 1420 4091 δὴ
1451 4019 1607 4110 ⁰Plifflus
1637 4032 1673 4092 sl
1704 4011 2027 4112 praestantissimi

30 4165 103 4234 enirn
124 4188 201 4236 curn
221 4164 262 4232 in
284 4173 410 4232 senatu
435 4156 629 4250 aliquando
653 4154 902 4223 adversaretur
934 4151 989 4220 ni·
1040 4123 1181 4192 dicendi
1203 4122 1348 4193 effect&
1373 4122 1601 4214 etmassisslflr·

29 4267 118 4338 nium
128 4264 288 4348 Caesari,
309 4263 348 4330 in
365 4283 539 4329 carcerem
557 4257 734 4327 coniectus
749 4268 819 4338 est,
844 4253 989 4323 iubente

31 4367 171 4450 Caesam
197 4389 349 4460 cumque
365 4363 436 4430 iam
458 4360 572 4430 abiret
587 4360 696 4444 Cato,
727 4358 914 4429 universus
935 4379 989 4427 se·

29 4483 112 4543 uatus
127 4466 363 4550 consurrexit,
389 4477 425 4534 et
440 4463 612 4536 Catonern
627 4463 666 4532 in
681 4483 857 4532 carcerem
876 4481 990 4554 usque

31 4619 210 4640 *un-

1291 4291 1425 4363 Aliud
1453 4303 1777 4384 argumentum.

1140 4428 1265 4499 Primo
1280 4428 1360 4498 loco
1382 4439 1466 4498 sunt
1484 4427 1575 4496 duae
1599 4423 1901 4500 narratiunculae.
1951 4419 2023 4492 De·

1039 4531 1123 4602 inde
1144 4532 1305 4626 sequitur
1322 4527 1541 4616 admonitio,
1570 4529 1672 4601 utin
1694 4541 1855 4620 tempore
1881 4525 2027 4597 desistat

53 4699 95 4762 tt)
109 4703 164 4752 ttae
179 4697 368 4765 argumentum
384 4693 470 4748 rattt
484 4693 674 4748 laetu-tm.
694 4693 829 4747 exhibent

55 4783 96 4848 rt)
110 4787 202 4838 iterat
231 4795 316 4835 serm.
330 4781 390 4850 1,t
412 4783 471 4847 (qut
487 4793 506 4834 a
522 4780 617 4833 vertis
640 4781 878 4848 „Ambubaiarum
900 4781 988 4833 culle-
1072 4786 1122 4846 ὃ)
1141 4783 1201 4845 Ne]
1218 4781 1448 4848 stomatasm,
1466 4783 1543 4835 asra.
1559 4781 1589 4833 tr
1605 4783 1682 4833 textu
1699 4779 1917 4846 urattttaao,
1935 4783 2023 4847 itta,

82 4851 143 4920 Ν
159 4853 284 4920 Incipit),
299 4852 326 4904 8.
1109 4851 1406 4918 tata.,1aar.,taso.
1428 4853 1457 4902 tn
1477 4851 1533 4904 cre
1556 4852 1650 4901 verbis
1674 4851 1736 4901 bute
1759 4853 1841 4901 notre
1857 4851 2021 4918 edmnptta3

55 4935 96 4998 tr)
110 4939 227 5000 xxva]
249 4939 291 4990 nc
312 4936 398 4990 reru.
413 4933 538 5002 (rma),
564 4935 773 5003 1rm.,xsu„
797 4935 987 4991 sas-rm
1105 4923 1136 4973 n
1158 4921 1235 4972 textu
1259 4921 1351 4971 auten
1372 4921 1457 4971 rrrcc
1478 4921 1569 4982 asra,
1594 4919 1686 5000 aare„
1712 4920 1804 4985 xasa„
1822 4919 1915 4987 area,
1933 4919 2021 4986 ratu,

82 5008 171 5068 rrum
189 5007 282 5073 raes,
305 5006 398 5070 raas„
424 5005 515 5058 raom
538 5003 634 5068 xre„
668 5005 720 5057 rr.
739 5004 824 5056 oren.
842 5005 934 5058 xxv.
951 5029 988 5044 -
1110 4991 1341 5054 moeremus
1356 4988 1386 5039 ¹¹¹
1402 4989 1453 5040 rr.
1474 4989 1561 5041 oron.
1577 4989 1696 5051 remur:
1717 5000 1780 5040 aec·

81 5077 267 5139 Argumentum
289 5074 474 5124 mensumn
494 5074 529 5123 ab
551 5073 637 5126 Edltt.
656 5071 868 5142 itm-15⁶⁴„
898 5073 986 5138 istri,
1069 5073 1119 5144 19)
1138 5076 1197 5126 llos
1212 5075 1403 5138 argumentum
1420 5075 1450 5125 et
1465 5073 1519 5126 dut
1537 5073 1682 5138 sequeutia
1698 5073 1728 5124 lu
1741 5071 1826 5125 rtattt
1844 5071 1937 5138 lm,
1953 5069 2022 5122 lm

84 5143 168 5208 itte,
186 5143 260 5197 twt.
275 5144 303 5192 tr.
320 5143 339 5194 l.
357 5153 413 5194 rou
427 5141 579 5192 uniretur.
1104 5144 1224 5196 -1598,
1246 5143 1431 5195 assuuntur.

56 5223 204 5284 Uibldcre
225 5229 313 5280 ultum
329 5225 506 5288 tardorum]
532 5227 602 5280 huet
623 5225 653 5282 ln
676 5225 764 5283 Etttt.
785 5223 878 5296 lm,
909 5227 985 5284 idm.
1069 5229 1280 5292 ⁴⁰)n111tattt
1299 5227 1506 5295 immid„
1525 5225 1666 5282 themu.

82 5293 178 5346 ‘ms
1067 5316 1118 5378 nr
1135 5315 1274 5378 uramus]
1299 5313 1341 5366 ns
1364 5313 1416 5368 rc
1441 5313 1538 5380 crass
1577 5313 1662 5366 rus.
1686 5308 1779 5373 tart,
1815 5305 1909 5370 taes..
1943 5305 2020 5364 tate

58 5373 259 5446 motuum]
277 5381 329 5436 lt.
346 5381 423 5436 tm.
440 5379 581 5436 murm.
1101 5386 1253 5450 utriusque.
