4582 5798
285 167 393 280 saar
858 186 1737 304 rara.na1..scauranmnaoc1ca
2177 201 2231 278 aa

280 401 346 448 vos
368 370 586 452 convocavi,
626 381 667 438 ut
689 392 753 440 vos
775 367 989 437 admoneam
1021 377 1057 435 et
1082 357 1275 455 repreben-
1328 363 1483 454 seposito
1503 366 1627 437 dolore
1644 367 1869 458 privatarum
1893 392 2033 452 rerunt,
2056 371 2236 460 publicana

281 481 386 562 dam,
418 476 450 548 si
471 474 527 544 vel
550 468 639 540 mihi
661 471 893 553 succensetis,
930 469 985 538 vel
1016 467 1174 536 adversis
1198 491 1276 536 suc·
1327 467 1438 536 lutern
1464 491 1705 560 propugnare.
1765 469 1939 542 Dolorem
1966 473 2068 541 etiam
2091 499 2239 564 superamus,

282 580 460 654 cumbitis.
517 573 595 667 Ego
620 575 717 644 enim
745 573 864 643 iudico
886 572 1036 643 florente
1060 569 1178 662 patria
1201 592 1276 636 me·
1328 593 1434 662 quem
1459 571 1544 640 belli
1567 572 1670 642 labor
1692 573 1813 658 affert,
1839 599 1885 645 ne
1907 574 2025 646 maior
2042 577 2112 660 liat,
2131 589 2239 648 ettam

282 685 353 756 lius
378 707 452 756 csse
481 677 654 772 privatis,
689 701 797 772 quam
826 673 1036 745 florentibus
1064 669 1214 765 privatis
1239 671 1275 739 in
1328 667 1418 740 nihil
1438 673 1680 764 proficiamus.

280 788 411 858 afflicta
438 782 634 875 republica.
702 779 796 851 Nam
819 778 959 849 etiamsi
987 775 1149 870 privatus
1178 785 1276 844 tenet
1430 774 1528 846 llaec
1557 777 1601 846 de
1631 779 1718 849 falsa
1740 778 1943 870 suspicione
1967 791 2081 850 vestra
2098 779 2170 848 dicta
2187 783 2268 858 subl

285 913 392 982 opes,
418 901 541 958 tamen
561 907 682 954 eversa
698 882 814 974 patria
831 883 939 952 simul
954 877 1042 949 haec
1058 876 1180 948 omnia
1197 900 1278 970 per·
1328 874 1443 961 ciant,
1470 903 1580 972 quam
1601 893 1636 950 et
1659 881 1747 954 alias
1763 882 1928 954 refutavi.
1979 881 2080 952 Nunc
2093 883 2129 951 dc
2141 885 2242 974 potcut'n

282 1004 381 1062 eunt.
433 989 502 1061 Sed
524 988 564 1056 in
584 985 735 1054 florente
757 985 873 1078 patria
899 984 1007 1053 etiarn
1030 1004 1167 1073 pauper
1190 979 1276 1050 civis
1328 991 1443 1050 vestra
1458 995 1492 1050 et
1506 977 1575 1052 liae
1591 982 1721 1068 dicam,
1747 987 1845 1080 quod
1859 1009 1925 1054 nec
1941 1009 2005 1055 vos
2019 977 2166 1074 cogitasse
2179 999 2239 1054 arta
2267 1019 2268 1046 i

283 1095 403 1166 salvus
418 1117 492 1164 esse
508 1101 636 1182 potest.
687 1087 812 1158 Donec
831 1087 940 1179 igitur
956 1085 1080 1156 civitas
1098 1104 1161 1153 sua
1182 1083 1277 1174 peri·
1328 1081 1513 1168 existimo,
1539 1109 1603 1156 nec
1618 1109 1685 1178 ego
1699 1099 1803 1156 antea
1823 1087 1991 1180 exposui,
2010 1110 2100 1156 nunc
2112 1089 2244 1158 etiaurca
2267 1139 2268 1142 ,

282 1198 363 1270 cula
379 1196 554 1268 sustinere
569 1202 706 1285 potest,
733 1192 831 1286 quod
846 1203 968 1260 tamea
985 1187 1154 1281 privatim
1173 1185 1278 1257 susti·
1328 1185 1506 1270 dicturus,
1532 1187 1615 1282 quia
1632 1189 1785 1282 speciem
1807 1185 1918 1260 hahet
1933 1190 2133 1271 iactantiae,
2152 1191 2199 1260 uisi
2210 1215 2246 1258 na

280 1329 370 1376 nere
392 1327 500 1373 nemo
524 1319 617 1371 unua
639 1307 775 1387 potest,
800 1293 933 1364 iustum
958 1303 1012 1362 est
1033 1289 1221 1360 universos
1244 1287 1278 1358 ei
1328 1301 1471 1380 practer
1485 1293 1664 1362 rationem
1679 1293 1839 1363 viderem
1854 1293 1962 1364 nimis
1978 1293 2268 1379 imbecillarum,

280 1432 393 1501 opem
413 1407 525 1488 ferre,
552 1416 588 1473 et
608 1425 708 1484 non,
732 1397 831 1496 qued
847 1421 911 1468 vos
926 1419 1022 1465 nunc
1035 1391 1172 1476 facitis,
1197 1415 1278 1484 per·
1330 1388 1476 1465 babere.
1528 1393 1602 1464 Vos
1625 1395 1834 1466 existimatis
1856 1409 1995 1466 tannim
2015 1396 2249 1486 sociismsinpe

283 1510 430 1582 tantos
449 1505 597 1600 privatis
612 1503 757 1576 iacturis
773 1505 934 1576 deserere
949 1495 1220 1594 rempublicam.
1331 1519 1432 1580 rerer
1465 1519 1532 1594 ego
1557 1509 1675 1572 autem
1702 1500 1866 1592 affirmo,
1895 1523 1974 1576 curn
1994 1500 2086 1576 duae
2107 1512 2198 1597 partes
2211 1499 2268 1564 ld*

388 1611 504 1682 Simul
527 1620 647 1678 autem
674 1620 709 1678 et
736 1633 813 1692 me,
852 1606 914 1702 qui
937 1604 1033 1676 suasi
1051 1605 1212 1687 bellum,
1244 1613 1279 1670 et
1330 1603 1487 1675 lantibus
1512 1606 1593 1676 usui
1620 1607 1711 1690 sint,
1753 1621 1848 1678 terra
1874 1620 1910 1678 et
1930 1633 2054 1692 mare,
2086 1633 2143 1677 vos
2162 1629 2251 1700 prona

286 1739 352 1784 vos
377 1714 492 1807 ipsos,
526 1711 589 1807 qui
611 1711 836 1795 decrevistis,
869 1709 1053 1780 accusatis.
1116 1707 1169 1776 Ac
1187 1700 1279 1776 mihi
1330 1707 1441 1778 maris
1456 1709 1624 1780 dominos
1638 1733 1735 1793 esse,
1763 1724 1798 1780 et
1812 1711 1889 1782 eius
1907 1712 2045 1804 partis,
2069 1704 2268 1780 cuinunciul

286 1817 433 1913 quidem
459 1815 523 1885 tali
546 1813 625 1884 viro
654 1812 870 1896 irascimini,
908 1811 972 1907 qui
992 1809 1082 1881 nulli
1103 1808 1279 1880 secundus
1330 1811 1482 1902 peratis,
1509 1823 1544 1880 et
1558 1811 1688 1908 reliqui
1703 1815 1832 1897 maris,
1858 1815 1889 1886 si
1903 1810 1970 1884 hac
1985 1815 2109 1896 classe,
2131 1807 2251 1908 quarab

286 1932 431 1992 sumet
461 1919 501 1986 in
524 1917 772 2008 cognoscendo
798 1929 834 1986 et
858 1914 896 1984 in
920 1914 1072 1984 dicendo
1100 1937 1162 1998 ea,
1186 1935 1278 2007 qnae
1330 1913 1438 1995 betis,
1474 1914 1669 2007 procedere
1699 1917 1896 1988 volueritis.
1961 1917 2040 1991 Nec
2063 1917 2147 1986 ullus
2171 1939 2251 2004 regan,

287 2047 379 2114 opus
396 2034 448 2092 est
465 2019 555 2090 scire
575 2032 611 2089 et
627 2019 764 2103 dicere,
788 2030 825 2088 et
839 2041 921 2086 amo
940 2019 1112 2110 patriam,
1138 2039 1203 2086 nec
1221 2039 1279 2083 me
1332 2039 1397 2085 nec
1418 2015 1490 2086 ulla
1518 2041 1604 2108 gens
1626 2017 1802 2109 impedire
1816 2045 1881 2091 vos
1896 2020 1933 2088 in
1950 2021 2047 2090 mari
2067 2031 2177 2111 potest.
2215 2004 2268 2088 let*

288 2123 485 2217 expugnari
516 2121 666 2214 pecunia
697 2121 828 2215 patior.
892 2119 986 2191 Nam
1011 2121 1075 2214 qni
1101 2117 1279 2208 intelligit,
1332 2117 1547 2188 conferenda
1563 2133 1616 2192 cst
1631 2116 1720 2191 haec
1736 2123 1896 2213 potentia
1912 2123 1950 2192 in
1966 2123 2064 2192 mari
2079 2124 2121 2191 ad
2134 2123 2253 2196 iacturam,

288 2227 377 2322 qnid
400 2227 447 2298 sit
467 2225 575 2309 utile,
600 2249 666 2294 nec
689 2237 812 2294 tamen
834 2223 985 2293 diceudo
1008 2246 1186 2316 exponere
1202 2219 1280 2290 aliis
1332 2245 1441 2316 qnam
1464 2223 1614 2307 fecistis,
1653 2225 1792 2296 amissis
1813 2225 1982 2296 aediliciis
2010 2225 2133 2297 vestris
2152 2237 2179 2292 et
2197 2222 2254 2312 agr'a

286 2341 424 2423 potest,
463 2327 590 2400 similis
620 2339 673 2398 est
705 2351 781 2396 non
803 2325 1036 2418 intelligenti.
1092 2325 1168 2420 Qui
1194 2347 1279 2393 vero
1332 2348 1398 2394 nec
1421 2325 1523 2394 decet
1545 2349 1649 2418 aegre
1674 2329 1793 2413 ferre,
1826 2352 1867 2398 ac
1889 2352 1964 2397 non
1987 2330 2110 2420 potius
2128 2324 2254 2418 tranquilia

287 2428 377 2503 baec
399 2432 638 2503 iustrumenta
660 2425 789 2515 habet,
829 2452 896 2498 nec
921 2441 1042 2498 tamen
1072 2441 1124 2500 est
1155 2449 1280 2497 amans
1333 2427 1456 2497 animo
1491 2452 1585 2512 esse,
1627 2441 1663 2498 et
1691 2430 1817 2500 leviter
1850 2455 1976 2502 curare
2014 2427 2107 2502 banc
2137 2432 2255 2502 iactanu

286 2534 447 2628 patriae,
480 2557 556 2604 non
585 2532 738 2604 fideliter
768 2533 802 2603 ei
829 2532 993 2604 consulit.
1060 2531 1136 2624 Qui
1160 2543 1279 2600 autem
1332 2529 1482 2601 scientes
1510 2545 1724 2602 ornamenta
1752 2533 1959 2605 divitiarum
1991 2559 2104 2626 penes
2127 2529 2256 2626 potentian

286 2637 439 2730 pecunia
454 2636 638 2728 corrumpi
654 2648 790 2727 potest,
818 2634 939 2704 omnia
955 2633 1095 2704 venalia
1112 2629 1232 2704 habet.
1332 2657 1429 2716 esse,
1459 2657 1539 2704 cum
1569 2635 1666 2705 salva
1694 2635 1878 2720 libertate,
1919 2637 1950 2708 si
1977 2662 2061 2706 eam
2085 2655 2257 2730 propugnata

280 2795 285 2808 .
392 2737 483 2810 Cum
509 2738 618 2830 igitur
641 2733 732 2808 mihi
761 2739 957 2808 tribuentes
987 2736 1215 2831 prudentiam
1246 2746 1282 2804 et
1333 2759 1433 2820 mus,
1465 2737 1568 2807 facile
1589 2750 1728 2808 caetera
1758 2740 2008 2831 recuperaturi
2028 2741 2145 2810 simus.
2191 2733 2258 2806 Sall

288 2843 419 2927 fidem,
459 2842 688 2912 mediocriter
717 2865 805 2932 prae
838 2839 986 2910 caeteris
1017 2865 1098 2910 meo
1131 2839 1280 2910 consilio
1334 2839 1412 2909 aliis
1434 2843 1638 2912 cederemus
1652 2839 1738 2938 Μ),
1773 2841 1880 2911 etiam
1908 2842 2012 2934 prius
2028 2857 2129 2935 parta
2149 2840 2258 2912 dinim

288 2944 644 3036 obtemperaveritis,
681 2967 757 3014 non
779 2955 831 3014 est
853 2967 1007 3038 aequum
1029 2968 1087 3014 me
1109 2941 1281 3013 accusari.
1332 2955 1470 3013 rentur.
1520 2939 1563 3011 ln
1583 2955 1737 3038 utraque
1767 2959 1885 3016 autem
1909 2970 1949 3014 re
1972 2960 2160 3037 parentum
2179 2939 2258 3013 [onir

288 3047 523 3118 Manifestum
549 3060 620 3132 est,
652 3046 842 3118 stultitiam
867 3070 941 3118 esse
966 3071 1111 3117 movere
1134 3046 1282 3129 bellum,
1336 3045 1458 3114 dinem
1482 3043 1694 3130 imitamini,
1738 3048 1893 3142 quisuis
1916 3047 2105 3120 laboribus
2129 3043 2257 3140 potentin

289 3149 322 3221 si
337 3148 488 3220 florente
504 3163 599 3220 statu
615 3149 720 3219 liceat
731 3149 885 3218 retinere
901 3173 1038 3242 pacem.
1079 3149 1144 3221 Sin
1161 3145 1280 3220 antem
1335 3171 1410 3218 non
1427 3161 1607 3240 acceptam
1623 3173 1641 3218 a
1659 3150 1858 3222 maioribus
1878 3165 2118 3244 pepererunt,
2148 3164 2176 3220 et
2191 3157 2258 3240 pult

289 3275 432 3322 necesse
458 3262 529 3334 cst,
562 3264 624 3320 aut
654 3252 816 3322 cedentes
848 3251 1023 3342 imperata
1051 3253 1187 3336 facere,
1220 3263 1282 3320 aut
1333 3253 1515 3321 defensam
1540 3252 1642 3322 vobis
1660 3253 1899 3324 tradiderunt.
1950 3253 2116 3347 Turpius
2134 3266 2178 3324 est
2193 3260 2257 3318 autu

289 3353 448 3448 pericula
473 3353 571 3422 adire
593 3353 802 3423 retinendae
826 3352 1003 3424 libertatis
1025 3377 1142 3438 causa,
1166 3353 1281 3443 magis
1334 3354 1498 3422 amittere
1514 3377 1671 3446 possessa
1690 3367 1817 3441 autea,
1843 3381 1952 3450 quam
1980 3381 2062 3428 non
2082 3357 2195 3450 potiri,
2212 3370 2257 3444 qut

289 3453 606 3549 reprehendendus
629 3471 682 3528 est
702 3456 842 3559 is‚·qui
864 3453 954 3546 fugit
969 3455 1147 3548 pericula,
1172 3479 1281 3550 quarn
1334 3467 1438 3525 antea
1463 3479 1539 3525 non
1562 3445 1738 3542 muueris,
1766 3471 1802 3528 et
1816 3461 1985 3529 convenit
2001 3463 2167 3531 adversus
2179 3455 2258 3526 hoste

290 3560 355 3655 qui
376 3561 537 3632 sustinet.
590 3559 667 3650 Ego
688 3559 783 3629 idem
804 3584 905 3642 sum,
932 3558 996 3652 qui
1018 3559 1071 3629 fui
1092 3573 1193 3643 aute,
1218 3583 1281 3628 vos
1334 3557 1386 3628 irc
1410 3583 1484 3628 non
1506 3559 1622 3630 solum
1638 3562 1831 3630 confidenti
1847 3563 1993 3646 animo,
2019 3565 2084 3634 sed
2102 3557 2260 3634 etiandtlt·

288 3662 489 3744 labascitis,
515 3662 579 3756 qui
602 3675 707 3732 antea
734 3687 774 3731 re
797 3661 934 3754 integra
959 3657 1048 3732 mibi
1073 3660 1281 3746 assensistis,
1332 3663 1426 3733 Nam
1445 3661 1551 3730 etiarn
1568 3663 1686 3734 timidi
1702 3663 1849 3756 gloriari
1866 3679 2020 3757 possunt
2036 3667 2075 3735 in
2089 3667 2260 3735 rebussrctt

290 3789 406 3850 nunc,
444 3777 636 3861 postquam
659 3765 780 3861 aliquo
805 3765 1021 3835 detrimento
1046 3765 1163 3835 affecti
1186 3765 1282 3847 estis,
1334 3765 1410 3845 dis,
1438 3789 1530 3858 quae
1552 3790 1635 3836 casu
1659 3766 1709 3838 eis
1725 3767 1942 3840 acciderunt.
1983 3761 2077 3840 ‘Sed
2098 3767 2195 3838 animi
2211 3757 2260 3829 cell

289 3867 451 3961 poenitet
466 3891 530 3937 vos
547 3867 679 3960 prioris
695 3868 914 3951 sententiae,
942 3879 977 3938 et
992 3881 1107 3938 vestra
1131 3868 1280 3938 mollitie
1333 3869 1421 3938 tudo
1436 3867 1473 3935 in
1492 3867 1561 3938 illis
1577 3881 1648 3953 est,
1674 3869 1735 3964 qui
1753 3869 1894 3940 ratione
1910 3873 2119 3956 confidunt,
2143 3885 2173 3940 et
2184 3859 2260 3954 inqui

289 3970 393 4054 victi,
427 3971 558 4040 rectius
587 3970 776 4040 consilium
798 3969 1029 4063 vituperatis,
1068 3971 1151 4066 quia
1175 3995 1282 4063 prae·
1332 3972 1399 4040 bus
1413 3971 1636 4040 considerata
1646 3973 1811 4042 fortunae
1828 3974 2062 4068 aequalitate,
2078 3968 2260 4067 prudentiu-

290 4085 406 4145 scntes
430 4097 625 4144 aerumnae
651 4073 874 4157 sentiuntur,
897 4075 1018 4143 futura
1042 4074 1177 4144 utilitas
1190 4099 1283 4144 non·
1333 4096 1416 4142 men
1432 4073 1604 4166 prospicit
1616 4075 1805 4146 dissimiles
1819 4101 1943 4148 causas
1957 4077 2130 4161 audendi,
2142 4098 2197 4146 nec
2208 4085 2259 4137 ttffl

289 4175 440 4248 durnin
469 4189 660 4268 conspectu
684 4188 755 4260 est,
791 4187 827 4246 et
854 4176 1068 4268 languefacti
1090 4187 1173 4248 sunt
1204 4178 1281 4245 ani·
1333 4201 1394 4268 spe
1408 4175 1568 4261 ducitur,
1587 4201 1679 4271 quae
1695 4191 1747 4249 est
1761 4179 1881 4261 frillax,
1906 4181 1968 4250 sed
1983 4180 2268 4252 consiliomorem

291 4278 481 4350 mirabitis
499 4279 615 4361 malis,
643 4305 716 4374 quo
731 4281 849 4350 minus
864 4278 1153 4377 perseveretisffl)
1169 4278 1206 4348 in
1220 4281 1281 4350 de·
1333 4280 1431 4373 quod
1445 4279 1565 4350 minus
1579 4280 1672 4349 fallit
1686 4281 1815 4350 collata
1831 4295 2074 4379 utrorumque
2086 4277 2228 4375 porentia.

280 4395 389 4452 -creto
407 4394 539 4454 vestro.
590 4381 778 4474 Frangunt
800 4383 897 4452 enim
916 4382 1056 4453 animos
1070 4407 1127 4454 res
1141 4383 1280 4453 subitae
1433 4380 1544 4451 Decet
1560 4382 1645 4452 item
1671 4409 1735 4456 vos
1758 4383 1968 4474 dignitatem
1994 4387 2097 4457 urbis
2117 4399 2151 4454 et
2170 4371 2262 4468 imperi

291 4497 327 4554 et
340 4485 596 4578 inexpectatae,
613 4509 705 4580 quae
719 4499 862 4579 praeter
878 4485 1086 4577 opinionem
1103 4485 1280 4570 accidunt,
1333 4509 1406 4579 quo
1421 4485 1628 4570 laetamini,
1653 4485 1766 4571 tueri,
1786 4511 1852 4557 nee
1867 4489 1989 4580 fugere
2004 4489 2163 4560 laborem
2173 4539 2181 4568 ,
2191 4482 2213 4553 si
2223 4474 2261 4570 pl

289 4598 333 4657 nt
347 4588 451 4658 nobis
465 4591 511 4658 ad
530 4602 668 4660 caetera
685 4589 778 4658 male
795 4589 997 4682 pestilentia
1012 4591 1167 4662 accessit.
1209 4589 1281 4659 Ta·
1334 4591 1414 4657 dem
1430 4584 1587 4659 bonores
1601 4589 1756 4660 retinere
1773 4591 1893 4664 vultis.
1943 4591 2019 4664 Nec
2043 4591 2216 4662 existimate
2231 4596 2259 4692 ‘ft

289 4711 376 4759 meu
389 4713 469 4760 cum
484 4693 611 4762 urbem
625 4713 793 4784 magnam
812 4705 1016 4776 teneamus,
1043 4705 1079 4762 et
1100 4693 1146 4764 ad
1162 4716 1281 4764 mores
1334 4703 1475 4761 tautum
1491 4693 1534 4760 de
1549 4692 1715 4762 libertate
1730 4691 1922 4779 dimicare,
1946 4697 2009 4764 sed
2027 4694 2134 4766 simul
2152 4693 2187 4762 de
2205 4683 2268 4753 tull

290 4793 326 4865 ci
344 4793 597 4866 convenientes
616 4796 802 4868 assuefacti
822 4795 952 4880 simus,
980 4809 1123 4888 oportet
1144 4820 1210 4868 nos
1235 4819 1281 4866 ne
1334 4793 1435 4864 sione
1451 4795 1595 4887 imperii
1613 4808 1648 4865 et
1670 4796 1713 4866 de
1734 4796 1860 4867 vestris
1886 4799 2056 4888 periculis
2077 4797 2195 4869 bellum
2209 4801 2259 4878 gre

290 4892 457 4967 maximis
484 4895 628 4989 quidem
648 4899 911 4969 calamitatibus
933 4897 1023 4967 velle
1041 4901 1282 4984 succumbere,
1333 4897 1399 4982 tis,
1433 4898 1517 4992 quia
1532 4898 1579 4969 *in
1603 4897 1686 4968 odio
1709 4898 1791 4970 estis
1815 4913 1964 4992 propter
1985 4899 2186 4994 imperium,
2208 4877 2261 4994 qual

291 5025 358 5071 nec
390 4996 601 5088 dignitatem
644 5015 806 5072 nostram
841 5001 1067 5072 labefactare.
1141 5002 1283 5072 Pariter
1333 4999 1467 5070 iamne
1484 5001 1630 5093 potestis
1654 5001 1798 5096 quidem
1823 5004 2023 5096 deponere,
2059 5005 2160 5074 etiarn
2178 4996 2200 5068 si
2217 5005 2259 5102 qt*

283 5103 388 5174 enim
414 5100 478 5196 qui
502 5101 651 5171 mollitie
678 5118 902 5195 praesentem
926 5105 1077 5196 gloriam
1101 5105 1283 5192 amittunt,
1336 5117 1433 5174 metu
1461 5107 1595 5176 fractus
1624 5105 1728 5174 malit
1755 5106 1829 5175 iam
1849 5102 1983 5178 babere
2003 5108 2156 5178 studium
2173 5097 2258 5193 queas

290 5205 394 5296 digni
413 5217 496 5276 sunt
519 5206 765 5291 accusatione,
790 5222 828 5278 et
851 5209 950 5300 digni
966 5206 1070 5292 odio,
1098 5209 1161 5304 qui
1175 5231 1283 5302 appe·
1334 5205 1482 5277 Tenetis
1506 5209 1601 5276 enirn
1626 5208 1818 5301 imperium
1846 5234 1911 5281 ceu
1933 5211 2171 5304 tyrannidem,
2197 5211 2256 5293 qur

291 5319 374 5374 tunt
386 5329 464 5375 non
479 5307 749 5378 convenientem
765 5309 929 5400 gloriam.
979 5309 1160 5384 Debemus
1176 5312 1284 5403 igitur

329 5437 378 5494 19)
395 5439 599 5502 perseveretis]
617 5439 969 5504 recuperaveritis.
1370 5441 1436 5510 2⁹¹)
1454 5444 1631 5507 mactemus]
1649 5445 1697 5498 ld
1716 5443 1791 5498 110.
1810 5445 1997 5500 mmm.
