4582 5798
21 209 93 290 ‚⁰01
230 205 338 286 xtu
385 187 786 288 muraenarum
809 193 1110 304 oratiorum
1132 203 1200 282 EX
1224 205 1522 286 mucrutms
1545 207 1695 288 blatto
1714 213 1779 294 lv.
1930 223 2033 304 1002

21 379 107 454 labis
125 401 211 452 vere
232 377 264 454 si
284 404 446 478 napum
469 381 577 468 al'ms,
601 407 699 456 nunc
719 382 877 456 marim
899 405 985 454 con·
1035 377 1123 462 teris
1148 377 1317 469 Graecis,
1348 378 1389 452 in
1413 394 1538 458 nosue
1564 397 1684 458 errata
1702 385 1835 460 intenti
1859 405 1962 481 sunt,
1995 407 2034 468 es

21 483 93 556 lacit
113 504 235 574 pacem
258 484 397 571 lacere,
439 485 652 581 priusqam
667 486 824 560 ‚accidit
847 483 985 580 aliquid
1036 505 1119 554 cum
1133 481 1259 575 paneis
1271 483 1426 559 mribus
1441 487 1573 560 adsunt
1594 483 1749 564 bonaco
1770 505 1959 586 praetextu
1972 521 2033 570 so·

21 584 207 670 nsanabile,
233 589 332 682 qnod
347 589 488 660 adferat
505 589 590 662 odia
615 601 761 660 aeterna
783 599 819 660 et
841 587 983 684 privata
1036 583 1187 671 rietatis,
1211 609 1294 656 cum
1309 609 1349 658 re
1362 587 1440 682 ipsa
1456 583 1605 665 hostiles
1616 593 1758 667 animos
1771 589 1931 670 habeant
1944 623 2032 672 suae

20 700 136 760 ›rsetcr
158 690 386 782 communia,
426 703 463 764 et
484 715 550 766 vos
579 691 753 764 amittatis
774 691 859 777 illa,
891 713 986 786 quae
1035 685 1184 758 utilitati
1198 689 1434 764 consulentes.

20 789 300 866 runcoffcrimus.
336 863 340 875 ,
509 829 515 844 ·
1139 787 1234 862 Nam
1256 791 1289 863 si
1311 792 1446 892 bellurn
1460 791 1699 888 elegerimus,
1723 810 1759 870 et
1777 802 2033 878 stusrerimns

96 891 384 968 Reconciliemur
403 894 533 989 igitur,
557 897 674 968 donec
696 894 842 991 utrique
862 917 987 966 sumus
1035 885 1291 984 Athenienses,
1314 895 1378 991 qui
1394 896 1541 969 venient
1554 897 1662 970 etiam
1678 923 1754 973 non
1769 903 1908 990 vocati,
1933 919 2033 999 post·

20 995 139 1089 ntegri,
166 1009 203 1068 et
215 997 317 1070 vobis
333 997 471 1070 accedit
482 999 598 1092 gloria
614 1011 650 1069 et
668 1012 791 1070 nostra
808 995 986 1078 amicitias
1038 1018 1148 1091 quam
1162 1018 1230 1067 nos
1243 993 1341 1090 ipsos
1355 999 1559 1072 domesticis
1575 1001 1717 1076 tributis
1729 999 1977 1094 exhausimus,
1999 1010 2033 1082 si

19 1123 62 1171 ios
78 1122 163 1170 vero
182 1099 260 1172 sine
283 1101 506 1198 turpitudine
527 1100 758 1175 mediocriter
772 1098 986 1194 deponimus
1036 1097 1236 1190 procedent
1247 1097 1299 1172 eis
1310 1099 1429 1186 initia,
1446 1102 1615 1176 credibile
1623 1117 1675 1179 est
1690 1131 1764 1194 cos,
1781 1132 1940 1184 cumnes
1952 1110 2033 1182 lan·

19 1225 62 1272 roc
89 1201 349 1293 intortunium,
388 1216 533 1277 etcum
563 1228 632 1279 nos
655 1201 726 1297 ipsi
745 1203 866 1296 potius
889 1201 987 1274 dulci
1037 1197 1394 1294 gueiactosviderint,
1409 1227 1492 1276 cum
1507 1205 1645 1280 maiore
1653 1207 1943 1288 classeventnros
1956 1238 2034 1288 esse

19 1325 81 1372 »ace
103 1306 287 1394 fruamur,
322 1319 399 1380 tum
423 1331 512 1379 vero
536 1306 646 1380 etiarn
666 1305 817 1379 caeteris
838 1303 987 1378 Graccis
1038 1302 1299 1377 aduniversam
1307 1304 1733 1403 Siciliamoccupandam.
1756 1314 2034 1410 Atquituncso-

19 1429 98 1476 nem
120 1407 303 1481 malorum
322 1409 509 1484 faciamus.
560 1409 643 1505 Qua
664 1407 704 1480 in
723 1433 764 1480 re
786 1402 857 1481 hoc
882 1406 986 1480 vobis
1038 1405 1112 1479 cios
1120 1405 1329 1500 acpericula
1337 1433 1573 1498 accersamus,
1586 1437 1667 1486 cum
1680 1414 1798 1487 aliena
1806 1417 2034 1494 invasurisu·

19 1506 188 1582 loriosum
212 1511 302 1598 erit,
343 1513 442 1610 quod
463 1537 528 1586 vos
550 1512 764 1594 iudicabunt
786 1535 861 1586 esse
886 1509 986 1605 pacis
1037 1533 1138 1594 mus,
1162 1531 1240 1580 non
1262 1535 1344 1582 cum
1365 1525 1488 1586 nostra
1503 1516 1655 1608 perdere
1673 1518 1853 1595 volumus.
1903 1520 2036 1596 Existi·

18 1623 146 1685 ntores.
202 1611 383 1689 Hactenus
404 1615 501 1688 enim
525 1617 713 1701 dubitant,
744 1613 820 1688 utri
840 1637 986 1686 caumm
1037 1635 1178 1684 memus
1193 1623 1313 1684 antem
1329 1614 1525 1690 seditiones
1546 1619 1703 1692 maxime
1723 1622 1944 1715 perniciosas
1958 1649 2034 1698 esse

19 1713 346 1810 ello'praebuerint.
397 1717 467 1791 Sed
484 1721 576 1792 lacta
599 1741 708 1816 pace,
733 1742 827 1814 quae
847 1717 923 1788 iam
945 1717 986 1787 in
1037 1727 1074 1788 et
1094 1713 1245 1786 urbibus
1268 1728 1305 1787 et
1328 1717 1396 1788 toti
1409 1717 1576 1806 Siciliae,
1612 1723 1652 1792 in
1675 1747 1747 1820 qua
1771 1750 1854 1798 cum
1873 1727 2036 1802 universi

18 1829 107 1889 estra
131 1831 311 1915 potestate
340 1833 419 1906 est,
462 1847 533 1918 pro
556 1845 600 1894 eo
622 1820 797 1894 beneflcio
821 1818 926 1892 vobis
948 1843 986 1892 se
1036 1817 1126 1891 ioris
1142 1841 1372 1892 communem
1392 1817 1533 1912 hesum
1555 1817 1774 1915 babeamm,
1799 1841 1923 1901 tamen
1939 1831 2036 1902 inter

17 1921 144 1992 retiam
169 1923 302 1995 debere
321 1924 551 2011 fatebuntur,
583 1935 619 1996 et
633 1924 664 1998 si
678 1924 728 1996 sic
744 1921 988 2007 decreveritis,
1036 1945 1105 1994 nos
1125 1919 1348 1996 dissidemus.

17 2023 168 2098 abebitis
183 2023 799 2113 Lacedaemoniosfirmosamicos,
822 2025 910 2122 ipsis
924 2049 986 2120 pe-
1120 2023 1239 2096 ‘liaec
1263 2025 1481 2117 cogitantes,
1520 2039 1666 2122 oportet
1694 2041 1731 2104 et
1761 2029 1924 2125 privatos
1951 2059 2035 2108 cum

17 2127 147 2200 entibus
161 2151 310 2222 pacem,
335 2130 524 2204 adiunctos
539 2129 733 2215 beneficio,
757 2153 834 2200 non
848 2128 987 2203 violen-
1038 2125 1208 2223 privatis,
1242 2139 1279 2198 et
1304 2126 1466 2202 civitates
1487 2154 1568 2202 cum
1593 2130 1797 2206 civitatibus
1818 2133 1858 2206 in
1881 2137 2036 2230 gratim

17 2251 52 2302 a.
90 2229 182 2315 ¹Hac
197 2231 236 2302 in
254 2255 295 2305 re
318 2247 453 2330 quasue
474 2235 572 2306 bona
594 2233 726 2318 insint,
752 2231 987 2316 considerate,
1038 2228 1177 2314 redire,
1218 2241 1255 2300 et
1278 2254 1345 2304 nos
1371 2255 1499 2306 omnes
1529 2233 1740 2308 coniunctos
1761 2235 1903 2310 Siciliae
1928 2264 2037 2334 opem

17 2355 55 2402 nc
79 2333 112 2404 si
138 2356 206 2408 nos
238 2349 275 2408 ct
304 2361 370 2410 vos
396 2350 613 2423 statuemus,
650 2334 791 2432 reliqna
820 2333 987 2418 Graecia,
1038 2335 1145 2405 serre.
1208 2329 1285 2406 Nec
1316 2332 1509 2406 incitemur
1542 2331 1599 2410 his
1632 2337 1888 2434 opinionibus,
1924 2345 2038 2439 quod,

16 2434 87 2514 tius
102 2439 269 2530 potentia
282 2439 434 2511 inferior
450 2453 521 2527 est,
538 2440 697 2512 marimo
713 2433 853 2510 bonore
869 2450 987 2510 utros·
1039 2461 1121 2508 cum
1144 2434 1346 2508 noscimus
1360 2433 1508 2524 Dorici,
1535 2453 1702 2532 oporteat
1724 2465 1792 2517 nos
1814 2467 1889 2518 esse
1914 2440 2037 2520 hostes

16 2563 57 2610 ne
84 2541 230 2614 afficiet.
755 2622 759 2632 ,
1037 2533 1340 2625 Atheniensium,
1380 2534 1633 2615 Chalcidenses
1669 2567 1756 2616 vero
1796 2545 1847 2620 eis
1886 2549 2037 2637 amicos,
2085 2589 2094 2604 ι

475 2713 485 2736 .
658 2713 669 2733 .
1040 2641 1125 2739 quia
1150 2651 1236 2714 sunt
1252 2635 1382 2714 Ionum
1407 2642 1562 2718 colonia.
1612 2643 1698 2718 Non
1721 2646 1818 2719 enim
1842 2650 1928 2723 odio
1951 2677 2037 2746 gen-

188 2713 512 2788 H⁰²¹¹²⁰⁰¹⁸²¹³
543 2728 702 2789 ΟΜΝ
717 2713 780 2814 ul·
1039 2745 1130 2818 tium
1154 2755 1303 2814 movent
1326 2744 1482 2834 bellum,
1514 2749 1576 2820 sed
1597 2749 1792 2842 eupiditate
1814 2776 1925 2847 opum
1948 2755 2038 2828 Sici·

88 2849 185 2924 Cum
209 2875 328 2948 neque
347 2877 390 2924 er
413 2852 565 2924 minima
587 2851 733 2924 civitate
756 2849 844 2939 sim,
868 2873 988 2945 neque
1038 2845 1121 2921 liae.
1170 2841 1213 2919 ld
1227 2848 1481 2935 ostenderunt,
1507 2850 1592 2947 quia
1608 2847 1901 2930 Chalcidensibus
1918 2859 2038 2952 opitu·

15 2953 145 3025 ,axime
169 2955 300 3026 afflicta
323 2955 440 3041 bello,
468 2955 586 3026 dicam
611 2954 827 3029 sententiam
842 2953 988 3028 univer-
1037 2948 1103 3022 lati
1126 2960 1230 3034 sunt,
1255 2973 1275 3018 a
1304 2949 1435 3046 quibus
1458 2952 1529 3046 ipsi
1549 2955 1691 3028 nullum
1716 2969 1800 3028 ante
1822 2959 2035 3033 beneficium
2154 3001 2159 3018 =

15 3081 39 3128 ,e
59 3057 210 3128 Siciliae
224 3057 364 3130 utilem.
414 3055 491 3132 Nec
516 3064 681 3152 opns¹est
693 3060 803 3151 longa
820 3051 987 3127 oratione
1037 3052 1117 3127 iure
1138 3050 1319 3124 societatis
1333 3068 1560 3148 acceperunt.
2078 3071 2083 3078 “

15 3163 79 3232 rud
115 3158 270 3232 scientes
294 3183 599 3248 commemorare,
638 3186 748 3258 quam
778 3158 986 3232 calamitosa
1099 3149 1107 3160 '
1140 3153 1217 3228 Nec
1238 3179 1325 3228 vere
1349 3158 1541 3230 acmsandi
1561 3170 1646 3232 sunt
1656 3155 1912 3251 Athenienses,
1938 3165 2040 3261 quod

15 3289 33 3334 s
61 3259 113 3333 sit
133 3261 283 3336 bellum.
342 3261 534 3337 Neminem
557 3262 654 3335 enim
687 3262 782 3356 cogit
803 3259 985 3359 imperitia
1038 3255 1179 3330 maiora
1196 3271 1391 3353 appetunt,
1423 3274 1459 3332 et
1474 3261 1667 3357 imperium
1692 3289 1822 3359 augere
1845 3281 2038 3358 conantur,

15 3389 106 3436 rere
132 3363 288 3450 bellum,
318 3390 438 3463 neque
458 3364 625 3460 reprimit
646 3379 785 3451 metus,
816 3389 899 3437 cum
922 3387 986 3457 spe
1038 3362 1101 3434 scd
1114 3359 1167 3432 illi
1182 3361 1304 3455 potius
1317 3359 1606 3458 reprehendendi
1620 3379 1722 3456 sunt,
1749 3369 1814 3466 qui
1826 3370 2036 3444 servitutem

17 3465 114 3562 agni
138 3468 323 3540 commodi
344 3469 487 3543 animus
502 3468 684 3543 incitatur.
731 3468 804 3542 Sed
818 3467 988 3540 videntur
1037 3463 1108 3538 sibi
1121 3477 1320 3538 accersunt.
1370 3466 1510 3541 Natura
1528 3468 1625 3540 enim
1648 3469 1699 3542 sic
1723 3472 1784 3557 iit,
1809 3486 1851 3544 ut
1871 3469 2039 3550 homines

15 3571 170 3668 iquibns
184 3572 283 3644 lucra
299 3571 438 3643 maiora
454 3596 529 3645 esse
551 3572 838 3660 difficultatibus3
872 3570 986 3666 aliqui
1037 3568 1272 3639 dominentur
1295 3566 1393 3640 ultre
1416 3569 1642 3653 cedentibus;
1684 3587 1836 3646 caveant
1859 3599 1968 3664 vero,
2006 3576 2039 3652 si

15 3677 132 3747 alunt
164 3674 340 3748 sustinere
369 3674 549 3769 pericula,
586 3699 697 3770 quam
720 3672 984 3768 inpraesentia
1038 3669 1101 3740 alii
1117 3693 1196 3739 non
1212 3670 1352 3741 cedant.

15 3803 99 3850 rem
115 3777 295 3850 iacturam
320 3779 449 3850 tacere.
498 3775 570 3848 Sed
590 3775 661 3850 nisi
681 3775 827 3871 utrique
844 3773 884 3844 in
896 3787 987 3845 tem·
1140 3771 1240 3842 Haec
1259 3795 1342 3845 cnm
1371 3770 1548 3860 sciamus,
1587 3772 1618 3846 si
1644 3799 1721 3882 non
1746 3801 1932 3868 cavemus,
1970 3805 2039 3853 nec

15 3905 68 3952 »re
90 3893 198 3954 metu
220 3875 473 3965 retrahantur,
496 3879 585 3951 utile
607 3891 661 3952 est
683 3901 834 3950 monere
855 3901 918 3952 eos
940 3878 986 3949 de
1028 3873 1232 3969 praecipue
1257 3873 1442 3946 communi
1468 3877 1630 3970 periculo
1662 3880 1905 3970 occurrimus,
1944 3885 2038 3957 mul.

15 3982 302 4069 conciliatione,
327 3983 365 4056 id
390 3985 489 4081 quod
510 4005 609 4055 nunc
626 4006 772 4080 quoqne
786 3979 893 4054 nobis
906 3981 986 4076 plu·
1037 3991 1115 4050 tum
1131 4000 1332 4074 peccamus.
1365 3976 1437 4050 Sed
1451 4004 1565 4051 unum
1579 3975 1650 4052 boc
1666 3995 1701 4054 et
1713 3983 1818 4057 facilc
1833 3987 2035 4060 remedium

15 4113 121 4162 mum
138 4087 322 4182 proderit,
347 4087 379 4161 si
400 4084 671 4184 acquiescimus.
1038 4093 1091 4152 est
1104 4092 1229 4154 nostra
1246 4080 1454 4167 concordia,
1470 4083 1557 4179 quia
1571 4080 1808 4160 Athenienses
1821 4113 1897 4160 non
1913 4115 1957 4162 er
1973 4114 2039 4162 sua
2177 4187 2182 4192 -

74 4191 181 4268 Nam
194 4203 230 4261 et
242 4202 348 4262 antea
362 4202 514 4285 propter
525 4187 668 4283 privata
682 4185 863 4260 movimus
875 4185 985 4272 bella,
1037 4195 1133 4255 terra
1148 4183 1282 4255 bellum
1299 4183 1405 4256 nobis
1419 4184 1593 4274 inierunt,
1612 4189 1676 4261 sed
1691 4213 1734 4260 ex
1750 4191 1888 4265 sociali.
1914 4192 2038 4288 Quare

19 4317 135 4369 nunc
151 4292 334 4386 litigamus
347 4295 392 4366 de
410 4291 574 4390 privatis,
599 4305 635 4364 et
648 4288 895 4386 unusquisque
908 4289 987 4360 vult
1037 4286 1183 4360 illorum
1199 4309 1300 4356 arma
1319 4310 1395 4359 non
1416 4286 1620 4383 quiescent,
1644 4293 1761 4364 donec
1778 4293 1847 4388 ipsi
1860 4295 1957 4367 inter
1969 4321 2039 4371 nos

14 4399 79 4473 ius
105 4395 181 4472 sibi
202 4421 266 4470 sua
290 4397 415 4484 reddi,
454 4395 667 4492 priusquam
690 4397 850 4488 deponat
871 4415 986 4478 arma,
1036 4389 1130 4461 bella
1146 4387 1317 4483 gerimus.
1368 4387 1484 4464 Sedsi
1499 4390 1676 4467 internos
1694 4398 1847 4490 parsit,
1872 4397 1951 4472 sine
1974 4423 2039 4472 ne·

27 4502 114 4575 nisi
131 4498 281 4595 recipit,
307 4525 402 4599 quae
417 4512 523 4572 antea
538 4511 726 4584 tenuerat,
750 4521 875 4571 rursus
891 4495 986 4567 inter
1036 4493 1136 4587 potio
1153 4491 1318 4566 desinent
1339 4491 1430 4587 ipsi,
1455 4507 1492 4566 et
1512 4496 1675 4570 accersiti
1687 4491 1840 4574 honesta
1855 4503 1973 4595 speeie
1990 4504 2038 4575 ad

15 4633 38 4680 s
56 4601 334 4678 dimicabimus.
359 4601 495 4676 Verum
515 4625 583 4674 nos
598 4603 756 4694 cogitare
768 4594 860 4671 haec
876 4622 985 4692 opor·
1036 4623 1104 4670 nos
1119 4595 1378 4690 opprimendos
1392 4620 1433 4668 re
1445 4596 1575 4672 inlecta
1592 4597 1787 4678 discedent.

15 4723 99 4795 sat,
147 4701 244 4779 hunc
274 4719 493 4782 conventum
518 4729 594 4776 non
615 4705 660 4776 de
682 4701 833 4797 privatis
863 4703 984 4790 rebus,
1141 4698 1301 4772 Tantum
1333 4699 1423 4772 boni
1455 4714 1511 4776 est
1534 4701 1574 4773 in
1604 4705 1818 4792 concordia,
1851 4707 1952 4804 quod
1987 4709 2034 4782 ad

15 4813 114 4886 ide
142 4809 329 4888 communi
349 4811 463 4887 salute
484 4809 660 4880 indictum
682 4829 777 4892 esse,
803 4805 986 4878 etdelibe·
1035 4796 1272 4878 Athenienses
1300 4801 1450 4882 attinet..
1485 4801 1651 4879 .Deinde
1672 4811 1772 4904 quod
1794 4809 1842 4882 ad
1870 4825 2035 4885 nostram

15 4919 144 4988 ndum
169 4938 264 4999 esse,
289 4915 474 5012 quomodo
488 4911 648 4987 Siciliam
663 4909 902 4995 retineamus,
927 4907 986 4980 cui
1035 4904 1229 4978 utilitatem
1250 4903 1400 4994 attinet,
1431 4904 1572 4982 etiamsi
1598 4922 1744 4986 externa
1767 4913 1822 4988 vis
1844 4938 1922 4986 non
1944 4927 2041 4988 esset

15 5017 224 5093 henienses
252 5017 488 5104 insidiantur,
528 5028 564 5088 et
592 5011 841 5086 existimentur
869 5011 984 5106 magis
1034 5010 1251 5092 metuenda,
1292 5033 1374 5080 cum
1405 5033 1532 5084 omnes
1552 5012 1732 5090 fateamur
1756 5017 1935 5112 optimam
1956 5041 2036 5088 rem

15 5125 35 5194 i
51 5117 306 5196 Athenienses
321 5145 431 5218 qrram
451 5147 530 5192 mea
548 5117 668 5191 oratio
690 5141 756 5189 vos
774 5115 815 5186 in
836 5139 985 5188 concor·
1035 5135 1160 5205 pacem
1186 5135 1282 5197 esse,
1305 5135 1371 5184 cur
1390 5135 1468 5184 non
1492 5138 1574 5187 eam
1588 5115 1765 5192 internos
1786 5117 2036 5194 restituimus?

15 5253 71 5300 rm
92 5226 293 5309 reducere,
318 5224 479 5321 quicum
497 5219 713 5295 antecellant
725 5219 887 5315 potentia
905 5242 984 5290 cae.
1034 5213 1166 5288 Nonne
1187 5211 1337 5302 vidctis,
1356 5213 1396 5285 in
1410 5217 1575 5293 meundis
1590 5233 1627 5292 et
1640 5220 1799 5294 adversis
1812 5221 1921 5296 rebus
1934 5222 2037 5320 quie-

15 5381 185 5404 ...-
283 5377 286 5384 .
1034 5329 1107 5388 tem
1122 5317 1306 5389 utiliorem
1331 5342 1405 5392 esse
1433 5333 1470 5393 et
1488 5324 1534 5394 ad
1550 5323 1756 5398 retinendas
1773 5350 1830 5399 res
1845 5327 2035 5416 secundas,

15 5467 48 5528 ς)
72 5457 209 5525 mm
224 5457 276 5530 N,
291 5426 419 5516 μή,
1035 5433 1072 5494 et
1086 5422 1139 5518 ad¹
1149 5422 1365 5496 medendum
1389 5425 1568 5512 adversis,
1594 5438 1630 5498 et
1651 5425 1691 5498 in
1706 5453 1795 5525 pace
1817 5430 2033 5528 dignitatem
