4584 5796
257 165 330 277 sei

838 179 963 257 run.
996 177 1110 258 nau.
1141 165 1345 254 senum
1376 173 1713 260 effloruerat.

2185 189 2241 264 iii

258 368 590 449 adhortatiuucula,
629 379 677 434 ne
710 359 797 438 velit
832 377 906 429 esse
930 367 1037 427 autor
1060 353 1136 426 elus
1154 351 1252 445 pacis
1302 376 1387 424 nem
1415 352 1564 445 exponit
1589 377 1655 446 per
1682 351 1931 436 narrationem
1955 375 2097 429 suorum
2115 357 2248 436 laborum

257 477 460 559 faciendae,
504 496 546 542 ex
579 491 648 563 qua
674 462 811 534 inlinita
833 459 905 530 siut
931 471 1094 532 secutura
1117 457 1254 526 incom-

261 582 382 662 moda.

513 718 650 790 Aliud
673 713 1000 808 argumentum.

368 856 646 938 Narratiuncula
664 867 735 938 est,
762 875 833 947 qua
848 852 1008 920 modeste
1026 839 1267 939 reprehendit

265 963 557 1064 ingratitudinem
571 956 700 1049 Lepidi
723 979 807 1046 erga
823 965 998 1024 senatum.
1029 941 1030 947 ἵ
1050 946 1188 1018 Deinde
1203 971 1257 1018 se-

265 1077 387 1170 quitur
404 1063 600 1138 confutatio
617 1057 757 1130 consilii
771 1055 899 1148 Lepidi
917 1057 961 1126 de
985 1050 1148 1124 iacienda
1170 1071 1257 1140 pace

267 1201 347 1248 cum
363 1165 536 1255 Antonio.
587 1162 720 1255 Estque
744 1155 974 1252 reprehensio
997 1156 1142 1249 obliqua
1164 1175 1258 1222 sum·

267 1293 328 1373 pta
358 1277 402 1344 ab
437 1265 675 1338 incommodis
705 1262 892 1333 simulatae
920 1261 1029 1351 pacis.
1088 1253 1259 1346 Epilogus

265 1379 376 1451 habet
414 1365 781 1448 dehortatiunculam,
821 1388 866 1432 ne
889 1373 993 1432 autor
1018 1359 1063 1430 sit
1088 1357 1185 1450 pacis
1208 1357 1259 1424 ia-

269 1483 414 1552 ciendae
430 1499 512 1546 cum
524 1468 695 1539 Antonio.

487 1639 624 1712 Aliud
651 1631 1043 1730 argumentumffl).

374 1781 573 1874 Scripserat
586 1773 743 1866 Lepidus
758 1769 917 1854 senatui,
950 1793 986 1840 se
1004 1791 1085 1838 cum
1100 1764 1260 1836 Antonio

249 1885 398 1986 'pacem
421 1885 610 1953 iacturum.
664 1875 789 1944 Cicero
815 1872 924 1962 igitur
945 1869 1102 1940 breviter
1126 1881 1162 1938 et
1181 1869 1263 1939 sub-

271 1981 383 2063 iratus
409 1981 622 2076 respondet,
663 1990 699 2046 et
722 1971 951 2067 reprehendit
973 1970 1102 2064 Lepidi
1123 1983 1263 2042 senten-

161 2121 165 2134 ·
273 2097 359 2165 tiam
378 2103 484 2183 atque
501 2079 807 2176 ingratitudinem.

413 2282 600 2360 Scholia
625 2280 670 2348 in
697 2273 941 2370 epistolam
959 2271 1143 2380 XXVIII.

275 2501 280 2514 .
377 2441 469 2535 5.1.
511 2441 620 2525 Quam
639 2427 772 2528 vellem]
806 2427 963 2499 Avoto:
1006 2425 1155 2496 Utinam
1182 2451 1262 2497 cum

275 2553 425 2622 Caesare
439 2540 619 2612 Antonius
636 2557 779 2630 quoque
797 2543 886 2602 esset
903 2529 1119 2600 interiectus.
1172 2532 1265 2615 Quod

275 2623 439 2742 uerdffiss
472 2641 627 2736 Querela
652 2635 831 2706 contraria
855 2629 1009 2730 votem).
1103 2637 1146 2702 Ut
1174 2635 1265 2702 enim

272 2740 503 2844 primumffiss
529 2737 718 2822 Narratio,
753 2759 845 2832 quae
863 2733 975 2826 egerit
988 2734 1168 2804 insenatu
1183 2745 1265 2824 post

273 2856 464 2926 discessum
479 2843 630 2916 Antonii
646 2865 712 2935 pro
730 2837 923 2932 republica.
1158 2843 1161 2850 '

377 2951 408 3044 5.
423 2951 459 3022 S.
485 2950 654 3020 Habemus
673 2935 816 3040 fortem]
842 2940 921 3008 Alia
937 2937 1118 3020 narratio,
1144 2936 1265 3032 quales

276 3060 371 3127 viros
387 3053 517 3123 habeat
533 3045 741 3138 respublica.

567 3212 973 3308 Argumentumffl).

380 3348 677 3446 conqueriturffi)
694 3346 819 3417 Cicero
837 3347 881 3414 de
896 3342 1075 3424 Antonio,
1105 3342 1166 3436 qui
1187 3355 1268 3434 post

281 3459 435 3531 occisum
453 3453 641 3524 Caesarem
657 3447 915 3540 rempublicam
931 3443 1126 3538 inquietat,
1160 3443 1267 3538 idque

277 3566 316 3634 in
334 3555 557 3632 Trebonium
577 3554 764 3635 transfert,
798 3549 896 3620 cuius
919 3563 1030 3640 opera
1055 3545 1267 3639 impeditum

278 3679 373 3748 erat,
404 3685 449 3732 ne
473 3657 580 3732 simul
604 3681 683 3728 eum
707 3655 857 3725 Caesare
872 3649 1050 3720 Antonius
1072 3648 1267 3722 trucidare-
1321 3714 1329 3729 ,

279 3783 350 3838 tur.
409 3765 504 3836 Nam
531 3757 734 3830 Trebonius
767 3780 859 3829 unus
894 3779 937 3824 ex
969 3752 1267 3822 commeatoribus

280 3883 362 3940 ante
391 3866 527 3936 curiam
556 3861 709 3931 detinuit
731 3856 950 3942 Antonium,
993 3857 1107 3926 donec
1137 3854 1268 3924 Caesar

278 3968 508 4052 interficitur,
534 3977 640 4062 atque
659 3986 740 4032 eum
757 3961 804 4028 ita
824 3971 952 4030 servat.
1005 3957 1124 4050 Quare
1143 3955 1266 4028 Cicero

278 4073 457 4144 existimat
479 4064 735 4159 rempublicam
763 4061 921 4156 quietam
935 4061 1007 4129 iam
1023 4062 1119 4144 sore,
1146 4059 1176 4130 si
1191 4071 1266 4129 tum

281 4175 389 4246 simul
402 4196 482 4242 cum
499 4169 681 4240 Caesaree
697 4166 816 4236 medio
840 4161 999 4233 sublatus
1019 4161 1142 4232 luisset
1155 4159 1268 4230 Anto-

279 4278 371 4348 nius.
421 4271 619 4341 Exordium
639 4294 660 4339 a
680 4280 763 4337 voto
781 4279 961 4357 sumptum
986 4275 1048 4336 est.
1099 4263 1269 4356 Proposi-

281 4381 332 4448 tio
356 4399 423 4470 per
449 4373 707 4443 adversativam
729 4366 1058 4451 subiicitur,.cuius
1081 4367 1174 4435 ratio
1199 4377 1267 4436 est:

282 4479 376 4572 Quia
398 4501 456 4548 me
478 4475 580 4544 valde
604 4471 771 4543 sollicitat
784 4469 975 4541 Antonius.
1033 4466 1135 4538 Hauc
1159 4468 1269 4539 ratio-

211 4783 215 4803 ,
318 4739 367 4799 tt)
384 4739 443 4789 Hoc
460 4741 650 4806 argumentum
667 4739 770 4792 batert
784 4737 869 4790 astte.
894 4737 1085 4790 ttae-tata.

318 4819 367 4880 63)
389 4823 443 4872 t’ro
456 4825 500 4875 nte
514 4825 570 4876 cte.
582 4825 676 4876 verbis
688 4824 717 4876 ln
729 4823 814 4876 ratu.
828 4823 915 4885 teta,
928 4824 1004 4876 156⁰.
1017 4825 1079 4876 huie
1091 4825 1174 4876 nome
1186 4835 1271 4888 prae·

353 4889 408 4940 fixe
422 4895 487 4941 eunt
504 4893 708 4942 antecedentia:
735 4891 774 4944 Ar
790 4903 867 4943 eune
883 4903 955 4942 eum.

321 4976 370 5036 tt)
388 4977 469 5035 voto]
486 4976 536 5028 lta.
556 4975 632 5028 atta.
649 4989 668 5028 e
684 4978 760 5028 roto.

318 5062 368 5120 aa)
387 5059 417 5108 tn
434 5057 520 5111 aaut.
539 5059 632 5126 itte,
651 5059 728 5111 1560.
745 5059 808 5110 huie
823 5063 907 5112 notae
924 5059 1052 5121 apposite
1069 5065 1134 5114 aunt
1157 5075 1272 5128 praece-

356 5125 449 5177 dentia
466 5125 523 5177 Cle.
539 5127 641 5178 verba:
666 5129 749 5192 ouod
765 5142 834 5180 vero
853 5144 871 5179 a
889 5130 919 5179 te
932 5130 1009 5179 utro.

317 5212 447 5332 ⁶⁶555¹g⁰⁰
460 5213 650 5331 argunrtentum
661 5215 690 5264 et
702 5212 755 5268 duo
768 5212 950 5277 sequentiam
962 5213 1047 5266 Edita.
1065 5215 1149 5281 tnta,
1168 5217 1276 5269 ltet-

422 5316 427 5330 .
446 5293 495 5330 exe
510 5293 545 5331 an
560 5318 566 5333 .

317 5362 367 5422 67)
385 5361 585 5428 conqueritur]
602 5365 653 5420 Ed.
672 5363 749 5420 15⁷1.
769 5374 866 5417 errore
883 5367 1011 5430 typogra
1037 5365 1210 5428 coquantur.

1303 455 1498 528 intuenda
1522 455 1716 548 republica.
1781 455 1920 529 Deinde
1944 457 2062 528 addita
2085 473 2181 530 estet
2201 464 2250 534 alia

1304 557 1466 630 narratio
1491 581 1604 652 usque
1632 560 1676 630 ad
1701 560 1831 644 finem,
1855 559 1902 633 de
1913 559 2037 633 studiis
2051 574 2180 634 senatus
2191 588 2251 656 erga

1306 659 1575 752 rempublicam.
1648 679 1652 686 ·

1557 809 1696 881 Aliud
1723 826 2046 906 argumentum.
2112 883 2115 891 .

1410 946 1478 1046 llic
1493 945 1697 1021 Trebonius
1720 972 1763 1020 ex
1782 947 1928 1022 illorum
1948 972 2097 1020 numero
2113 935 2187 1036 luit,
2211 956 2252 1048 qui

1309 1051 1597 1148 consultaverant
1622 1052 1666 1120 de
1694 1064 1811 1123 morte
1842 1051 2022 1136 Caesaris,
2070 1065 2179 1146 estque
2203 1078 2275 1148 uon¹

1310 1154 1423 1224 multo
1439 1167 1522 1246 post
1542 1153 1765 1225 intersectum
1783 1153 1971 1228 Caesarem
1995 1177 2016 1224 a
2036 1153 2193 1226 militibus
2203 1153 2275 1246 llo,

1309 1255 1459 1356 labellae
1487 1256 1662 1350 Smyrnae
1694 1255 1892 1347 iugulatus,
1940 1255 2038 1328 cuius
2069 1271 2168 1348 caput
2192 1259 2275 1350 soliol

1311 1357 1492 1452 praetorio
1521 1359 1665 1430 allisum
1692 1358 1771 1430 luit.
1837 1357 1895 1428 Ad
1925 1382 2008 1430 eum
2030 1358 2145 1429 scribit
2166 1355 2275 1430 Cicero*

1310 1456 1403 1530 hanc
1420 1460 1607 1553 epistolam
1631 1462 1675 1530 de
1696 1461 1941 1552 praesentibus
1959 1461 2118 1531 'motibus
2137 1461 2256 1530 excitatis

1312 1565 1357 1632 ab
1380 1562 1539 1634 Antonio
1548 1599 1563 1648 ,·
1596 1573 1737 1654 sumpta
1757 1563 1943 1634 occasione
1973 1565 2019 1633 ab
2049 1562 2153 1655 ipsius
2181 1565 2255 1644 lacto,

1313 1667 1410 1760 quod
1426 1665 1647 1750 Antonium,
1673 1685 1754 1736 cum
1769 1664 1899 1738 Caesar
1910 1667 2180 1748 interficeretur,
2200 1689 2256 1733 cou-

1313 1767 1528 1852 servaverit,
1564 1768 1608 1852 de
1631 1789 1704 1863 quo
1726 1780 1847 1838 tamen
1871 1767 2103 1838 constitutum
2125 1779 2206 1850 erat,
2232 1779 2256 1836 ut

1313 1871 1440 1942 eodem
1467 1881 1629 1962 tempore
1657 1871 1928 1942 interficeretur.
1995 1868 2141 1940 Orditur
2162 1891 2180 1936 a
2200 1881 2256 1934 roto

1313 1974 1357 2042 de
1370 1973 1556 2045 interiecto
1571 1972 1720 2044 Caesare
1735 1975 1828 2044 etde
1842 1971 2030 2064 superstite
2044 1969 2199 2052 Antonio,
2218 1969 2258 2062 qui

1313 2097 1386 2144 una
1420 2075 1597 2146 debuisset
1629 2073 1792 2148 interfici.
1857 2074 1953 2146 voco
1988 2074 2087 2146 addit
2117 2073 2257 2166 querelam

1314 2189 1492 2268 sumptam
1507 2201 1550 2246 er
1563 2177 1666 2250 factis
1677 2175 1849 2262 Antonii,
1883 2177 1940 2248 cui
1964 2175 2105 2250 subiicit
2124 2171 2275 2244 uanadol

1314 2303 1418 2362 nem,
1451 2279 1490 2348 in
1515 2303 1586 2373 qua
1605 2293 1813 2366 enumerat,
1846 2279 1932 2374 quid
1956 2279 2033 2372 ipse
2058 2278 2162 2368 egerit
2178 2277 2209 2346 in
2225 2297 2258 2344 se-

1314 2395 1403 2452 natu
1419 2395 1501 2474 post
1525 2381 1716 2455 discessum
1732 2381 1883 2453 Antonii
1901 2405 1969 2472 pro
1992 2381 2174 2472 republica.
2214 2377 2259 2446 De·

1315 2485 1398 2555 inde
1429 2497 1481 2559 est
1507 2507 1602 2552 nova
1626 2483 1789 2557 narratio
1812 2486 1858 2552 ad
1881 2485 1991 2556 tinem
2012 2507 2140 2578 usque,
2174 2481 2258 2574 quales

1315 2610 1411 2656 vuos
1426 2585 1625 2677 respublica
1647 2582 1717 2657 hoc
1738 2599 1899 2680 tempore
1919 2580 2070 2671 habeat,
2105 2597 2137 2654 et
2157 2581 2259 2678 quisin

1315 2686 1522 2770 universum
1537 2699 1649 2764 status
1663 2689 1711 2760 sit
1724 2687 1952 2782 reipublicae.

1572 2854 1710 2931 Aliud
1737 2871 2062 2952 argumentum.

1323 3057 1329 3062 .
1417 2995 1616 3068 Exordium
1630 3009 1813 3089 sumptum
1837 3009 1889 3068 est
1909 3019 1930 3066 a
1953 3008 2055 3068 voto.
2105 2992 2215 3062 Votum
2227 3011 2260 3058 se·

1248 3187 1250 3192 Ι
1319 3097 1441 3192 quitur
1467 3100 1715 3192 querelarum
1739 3099 1895 3193 quadam
1916 3095 2182 3191 reprehensione
2201 3092 2260 3160 Tre·

1317 3200 1439 3285 bpnii,
1466 3203 1564 3294 quod
1578 3200 1757 3274 Antonius
1773 3197 1890 3272 adhuc
1904 3201 1953 3274 sit
1966 3213 2139 3293 superstes
2152 3209 2217 3290 post
2227 3194 2260 3258 iu·
2274 3199 2275 3248 ἲ

1318 3304 1502 3373 terfectum
1515 3301 1731 3386 Caesarem:¹
1769 3304 1908 3374 Deinde
1926 3304 2072 3374 additur
2086 3299 2221 3375 narratu
2232 3296 2259 3362 de

1317 3405 1528 3475 fortitudine
1545 3419 1579 3474 et
1594 3407 1793 3476 constantia
1809 3431 1893 3490 sua,
1926 3430 1997 3499 qua
2024 3430 2106 3477 usus
2126 3403 2166 3474 sit
2182 3401 2211 3469 in
2226 3377 2275 3466 sel

1317 3520 1406 3576 natu
1419 3531 1486 3600 pro
1503 3507 1722 3600 defendenda
1732 3509 1900 3604 'libertate
1918 3507 2044 3600 populi
2052 3503 2195 3576 Romani
2206 3523 2261 3568 con-

1318 3622 1374 3678 tra
1391 3608 1602 3682 Antonium.
1633 3603 1810 3704 'Epilogus
1826 3611 1986 3680 continet
2002 3606 2262 3682 enumerationem

1319 3713 1482 3796 dlorum,
1510 3713 1573 3808 qui
1590 3715 1628 3781 in
1645 3726 1771 3784 senatu
1786 3715 1977 3783 videantur
1993 3737 2067 3784 esse
2079 3705 2242 3806 praecipui.

1535 3875 1672 3954 Aliud
1702 3860 2113 3978 augumentumoel„
2180 3919 2182 3922 ·
2274 3887 2275 3906 ¹

1420 4012 1554 4084 Fuerat
1567 4013 1771 4086 Trebonius
1787 4039 1879 4087 unus
1902 4041 1942 4085 ex
1965 4014 2155 4086 coniuratis
2176 4019 2263 4079 coum

1320 4115 1527 4199 Caesarem,
1568 4129 1603 4185 et
1624 4115 1822 4188 Antonium
1847 4131 1943 4203 tum,
1987 4143 2067 4190 eum
2089 4115 2263 4189 occideretur

1321 4217 1452 4290 Caesar
1466 4217 1506 4285 in
1520 4216 1638 4302 curia,
1661 4221 1744 4290 ficto
1758 4221 1902 4311 negotio
1927 4234 2009 4290 ante
2033 4223 2125 4292 iores
2145 4215 2275 4298 deinucj

1320 4331 1388 4405 rat,
1413 4343 1459 4390 ne
1475 4318 1660 4392 interesset
1672 4324 1852 4395 tumultui.
1885 4324 2094 4394 Metuebant
2111 4321 2193 4390 enim
2208 4334 2275 4404 corr·¹

1320 4422 1430 4495 iurati
1444 4421 1519 4493 eius
1534 4423 1647 4493 robur
1665 4436 1700 4494 et
1714 4425 1818 4496 vires.
1871 4427 1960 4496 Cum
1976 4439 2093 4496 autern
2115 4434 2200 4491 metu
2215 4413 2275 4506 pit.

1320 4526 1374 4596 his
1392 4523 1649 4596 coniurationis
1665 4527 1843 4620 principes
1868 4553 1910 4598 ex
1932 4528 2021 4598 urhe
2044 4529 2083 4595 in
2107 4515 2263 4616 provinus

1320 4627 1502 4718 fugissent,
1529 4625 1731 4700 Trebonius
1746 4653 1887 4725 quoque
1903 4629 2069 4700 inAsiam
2081 4627 2175 4697 abiit.
2203 4613 2275 4690 Sul}

1321 4731 1375 4800 bit
1389 4731 1498 4821 igitur
1515 4731 1560 4798 ad
1575 4754 1656 4800 eum
1672 4731 1796 4808 Cicero
1822 4755 1863 4802 ex
1887 4734 1975 4802 urbe
1999 4734 2043 4800 de
2067 4721 2262 4824 praesentibus

1322 4833 1479 4904 motibus
1494 4833 1538 4902 ab
1553 4830 1713 4904 Antonio
1732 4833 1908 4918 excitatis,
1935 4835 1997 4928 qui
2011 4832 2057 4904 D.
2071 4819 2263 4903 Brutuli·

1324 4936 1419 5004 tinae
1435 4937 1617 5006 obsessum
1630 4937 1668 5004 vi
1683 4958 1724 5006 ex
1738 4937 1924 5029 provincia
1948 4937 2132 5007 exturbare
2153 4923 2263 5000 conalt¹

1325 5051 1395 5107 tur.
1447 5037 1649 5112 Trebonius
1662 5062 1738 5110 uon
1760 5040 1808 5108 ita
1832 5040 1945 5110 multo
1969 5051 2052 5132 post
2070 5024 2263 5107 aDolahellae

1326 5138 1498 5208 militibus
1513 5139 1687 5240 Smyrnae
1709 5141 1906 5232 iugulatus,
1941 5154 1976 5211 et
1999 5153 2105 5233 caput
2122 5137 2187 5206 eins
2203 5123 2263 5199 solio

1362 5373 1411 5433 68)
1429 5374 1488 5424 Hoc
1505 5377 1811 5456 argumenturpitatent
1829 5376 1911 5428 editt.
1929 5373 2112 5428 resa-159⁶.
