4548 5788
46 139 125 272 'rsa‘
158 148 307 266 xxxiv.
348 187 1494 298 mruara.onauonrst-unuosruan1scorrraa
1513 191 1954 270 aursrocrrouum
1984 187 2062 271 aaa

46 369 182 442 officiam
201 363 350 434 iaciant!
384 365 540 462 denique
560 367 592 439 si
613 367 732 440 refixis
751 367 889 460 legibus
911 387 1013 438 suam
1066 378 1186 437 autem
1208 379 1299 439 esset
1315 367 1498 438 nerninem
1519 365 1559 435 id
1580 355 1690 451 scire,
1731 361 1829 438 hune
1857 369 1903 438 ad
1924 349 2088 440 nullam¹

43 472 176 568 quisquc
187 467 372 538 libidinem
386 491 454 561 pro
470 471 547 563 lege
562 483 670 566 atque
689 471 844 563 imperio
866 466 1013 540 babeat!
1066 470 1284 562 reipublicae
1301 483 1439 563 partem
1459 471 1654 562 gerendam
1669 470 1840 540 idoneum
1849 469 1898 569 ⁸⁸)
1915 483 1979 542 ant
1992 470 2063 542 uti·

40 570 281 646 lnbniusrnodi
294 571 457 644 moribus
471 575 580 660 cedo,
611 575 713 650 cuins
729 575 802 644 vita
817 574 1014 644 incivitate
1065 573 1137 642 leur
1153 597 1239 646 esse.
1290 573 1353 644 Dii
1366 573 1537 658 meliora,
1563 597 1673 668 quarn
1694 585 1737 643 ut
1757 585 1860 644 tanta
1881 574 2064 645 bonorum

37 681 70 748 in
90 687 161 746 tuto
183 672 274 744 crit?
340 673 464 768 Quare
487 675 606 770 legum
628 677 803 749 autoritas
822 677 1014 749 incolumis
1065 676 1228 746 virorum
1242 677 1365 770 inopia
1380 679 1445 762 sit,
1469 687 1511 748 ut
1531 677 1653 774 aliqua
1675 675 1894 770 reipublicae
1910 685 1995 770 pars
2017 678 2065 748 ad

39 802 101 852 esse
115 777 226 848 debet.
274 775 394 870 Quam
410 781 523 850 multa
547 779 644 850 enim
660 781 827 874 ,violenta
850 781 1015 865 consilia,
1065 779 1347 871 Aristogitonem
1364 782 1554 850 deserenda
1570 782 1636 868 sit,
1665 780 1729 877 qui
1746 781 1791 848 ad
1806 803 1895 875 quas
1912 803 1970 852 res
1984 779 2063 851 ido·
2113 845 2115 850 ,

36 880 263 978 quamvariae
281 879 454 967 iniuriae,
490 905 582 978 quae
596 885 833 955 contumeliae
850 884 1014 979 quotidie
1064 906 1155 955 neus
1170 885 1236 967 sit,
1262 883 1455 954 abominor
1468 885 1599 957 dicere.
1651 885 1761 979 Quod
1775 884 1806 955 si
1822 896 1944 954 tamen
1959 894 2061 954 tanta
2099 903 2102 910 ’

35 981 239 1054 inomnibus
258 982 409 1056 urbibus
425 986 706 1079 susciperentur!
738 1011 819 1058 rum
841 987 953 1058 modo
978 999 1015 1058 et
1067 997 1120 1058 est
1133 987 1256 1080 iuopia
1272 981 1484 1073 hominum,
1509 988 1620 1058 satius
1642 987 1750 1058 luerit
1771 1011 1921 1082 prorsus
1942 987 2061 1060 nullos

34 1085 233 1180 tranquillae
261 1083 337 1157 sint
365 1099 403 1158 et
430 1111 496 1160 suo
526 1113 690 1190 quaeqrre
720 1091 846 1162 ordine
866 1091 1029 1162 l'aciaut.⁴
1065 1115 1140 1163 esse
1155 1089 1403 1182 magistratus,
1428 1112 1536 1186 quam
1551 1091 1640 1162 tales
1655 1092 1819 1182 praefici,
1855 1090 1986 1186 qulbus
1998 1113 2063 1159 vo-

31 1189 203 1283 Denique,
235 1187 323 1283 qnid
349 1213 439 1284 opus
465 1205 519 1264 est
541 1193 659 1263 verbis
681 1193 720 1263 in
741 1217 782 1265 re
801 1192 1014 1266 manifesta?
1065 1196 1184 1288 luptas
1204 1206 1296 1266 esset
1317 1206 1478 1265 evertere
1497 1194 1770 1287 rempublicam.
1834 1189 1929 1266 Nam
1963 1193 2062 1288 quod

32 1293 114 1366 Nam
127 1290 281 1362 vel-inde
298 1306 450 1387 apparet
463 1294 557 1388 leges
570 1319 700 1390 parere
714 1297 1012 1393 tranquillitatem
1065 1311 1206 1369 tantum
1219 1299 1331 1369 scelus
1347 1309 1418 1384 est,
1445 1298 1543 1393 quod
1557 1321 1633 1366 non
1648 1297 1780 1367 audeat
1791 1291 1851 1366 bie
1863 1291 2061 1366 homuncio

33 1395 187 1479 urbibus,
213 1395 313 1488 qood
333 1419 414 1467 cum
438 1421 563 1470 omnes
583 1398 801 1485 sortiantur,
834 1411 956 1471 tamen
975 1395 1014 1469 bi
1065 1401 1264 1494 suscipere,
1309 1401 1552 1472 inflammatus
1581 1401 1696 1471 veteri
1725 1412 1760 1470 et
1789 1411 1942 1490 paterno
1975 1397 2082 1492 odio„

32 1510 157 1569 tautum
173 1498 335 1569 iudicant
350 1521 420 1584 res,
446 1525 603 1596 quorum
618 1525 696 1574 sors
709 1503 832 1576 vincit.
864 1501 1014 1598 Quare?
1066 1529 1149 1597 erga
1167 1503 1368 1598 populum?
1395 1529 1470 1574 nou
1493 1505 1584 1577 alius
1608 1505 1655 1573 ad
1678 1503 1911 1573 evertendam
1934 1502 2063 1571 urbem

32 1600 104 1696 quia
126 1611 160 1670 et
186 1612 283 1672 sorte
306 1603 404 1673 ducti
426 1617 510 1675 sunt
531 1617 567 1674 et
581 1606 778 1694 renuntiati
792 1607 890 1678 iuxta
906 1607 1013 1698 leges,
1065 1607 1179 1701 magis
1213 1607 1364 1679 idoneus
1404 1607 1560 1678 inveniri
1595 1617 1726 1702 posset.
1804 1605 1889 1678 Non
1922 1603 2063 1689 videtis,

31 1715 62 1772 ct
81 1725 156 1772 cum
177 1703 283 1774 vobis
306 1705 401 1797 leges
424 1707 608 1780 iudicandi
623 1721 837 1802 potestatem
852 1709 1014 1794 fecerint,
1065 1713 1165 1807 quod
1182 1735 1301 1782 mores
1318 1711 1394 1782 eius
1410 1710 1601 1804 privatim,
1627 1723 1663 1780 ct
1682 1709 1841 1781 actiones
1857 1731 1982 1779 omues
1995 1729 2063 1801 pu·

31 1817 122 1898 torpe
146 1805 215 1876 crit
233 1806 419 1879 absolvere
443 1831 547 1896 cunr,
586 1811 650 1907 qui
671 1811 746 1882 vim
771 1824 897 1884 contra
920 1812 1014 1904 leges
1064 1815 1156 1886 blice
1178 1837 1255 1885 non
1276 1815 1392 1899 ratio,
1421 1836 1502 1883 non
1520 1815 1659 1908 pudor,
1691 1813 1753 1885 sed
1774 1809 1977 1905 desperatio
2000 1832 2063 1902 gu·

29 1921 135 2000 parat,
159 1919 196 1978 et
209 1931 287 1979 non
300 1933 507 1984 succensere
523 1926 586 1985 aut
599 1916 850 1988 incandescere
864 1928 1015 2010 propter
1064 1917 1218 1990 bernat?
1269 1918 1397 2014 Neque
1411 1916 1508 1988 enim
1525 1917 1596 1988 alia
1612 1938 1669 1986 res
1692 1939 1776 1986 eum
1800 1917 1846 1985 ad
1869 1913 2063 2007 suscipien-

29 2021 117 2080 tanta
130 2010 280 2104 flagitia.
338 2013 376 2084 Ο
397 2017 594 2088 execrabile
615 2019 728 2090 scelus
741 2018 811 2116 ¹³),
845 2042 927 2090 curu
951 2031 1014 2088 tua
1066 2024 1130 2093 das
1149 2016 1214 2094 lras
1237 2021 1397 2092 actiones
1422 2043 1547 2092 omnes
1575 2019 1721 2106 incitat,
1753 2017 1826 2089 nisi
1847 2015 2063 2111 desperatio.

30 2111 157 2185 licentia
183 2139 263 2185 non
284 2117 472 2205 cancellis,
504 2143 581 2191 non
601 2121 760 2207 loribus,
793 2125 856 2195 sed
880 2121 1013 2193 mulcta
1066 2125 1176 2220 Quod
1191 2149 1273 2196 cum
1288 2122 1436 2216 siugulis
1459 2123 1600 2194 exitiale
1623 2123 1760 2193 malum
1785 2133 1860 2205 est,
1893 2133 1971 2191 tum
1993 2117 2065 2189 rei-

29 2239 128 2310 eaque
142 2219 343 2312 perscripta
359 2220 399 2292 ia
414 2244 515 2309 arce,
540 2237 641 2319 septa
657 2238 693 2296 et
705 2225 846 2296 frenata
863 2225 928 2309 sit,
960 2235 1014 2294 ta·
1065 2227 1230 2323 publicae
1250 2227 1352 2299 nullo
1374 2227 1486 2297 morlo
1505 2227 1747 2297 tolerandum.
1813 2223 1909 2296 Nam
1941 2225 2067 2316 despe-
2187 2299 2189 2303 ,

26 2342 101 2388 meu
116 2315 187 2392 hnc
208 2321 412 2415 irrumpere
435 2329 564 2414 audes,
596 2329 693 2398 unde
710 2343 745 2400 te
768 2330 863 2422 leges
886 2327 1016 2422 prend
1066 2329 1191 2428 ποῇ’)
1209 2331 1304 2401 caeci
1317 2329 1557 2424 praecipitant
1572 2330 1609 2398 in
1623 2327 1801 2422 pericula,
1827 2349 1894 2396 nee
1913 2325 2065 2417 diligen·

27 2425 229 2509 extrudunt,
256 2428 371 2497 multo
389 2442 472 2499 ante
494 2431 698 2504 confossam
721 2431 836 2504 tribus
859 2430 1014 2516 iudiciis,
1066 2436 1116 2505 tia
1142 2448 1178 2506 et
1199 2435 1350 2506 consilio
1372 2434 1522 2504 salutem
1547 2453 1649 2505 suam
1670 2431 1860 2516 muniunt,
1899 2442 1935 2500 et
1955 2429 2064 2522 plane

28 2527 296 2612 scansorium,
330 2553 351 2598 a
384 2534 654 2626 quaestoribus,
688 2547 724 2607 et
756 2561 836 2606 cum
865 2557 931 2629 per
957 2559 1014 2604 ca-

25 2627 191 2700 lumniam
209 2630 284 2700 aliu
308 2657 483 2726 oppresso
505 2639 766 2710 condemnatus
786 2661 844 2724 es,
877 2650 914 2708 et
935 2651 1014 2708 tau-

25 2741 92 2800 tum
107 2757 182 2804 uon
196 2734 324 2807 terreis
347 2739 481 2810 catenis
505 2740 689 2835 alligatus,
722 2753 845 2812 tamen
867 2737 939 2814 huc
960 2742 1014 2812 di-

21 2837 127 2927 ruptis
141 2836 297 2908 vinculis
311 2837 506 2934 irrepsisti,
533 2855 569 2914 et
582 2845 684 2914 inani
696 2855 889 3018 praetextu
909 2856 1014 2938 putas

23 2937 155 3031 leleges
169 2963 298 3014 omnes
313 2943 496 3018 clusuram
511 2971 598 3020 esse.
649 2949 695 3019 Se
734 2949 894 3019 adieram
911 2947 1014 3021 vobis

23 3044 238 3134 exemplum,
280 3048 380 3139 quod
408 3050 537 3120 doceat
563 3073 639 3121 non
662 3075 737 3122 esse
758 3051 1013 3144 negligendum

21 3141 131 3235 legum
149 3159 422 3241 contemptum,
446 3154 504 3224 vel
521 3153 561 3222 in
589 3175 701 3247 parva
724 3179 777 3227 re.
833 3154 950 3240 Nam,
983 3154 1014 3226 si

20 3248 92 3340 quis
115 3250 317 3343 descriptos
342 3253 475 3325 civium
501 3257 646 3328 ordines
669 3260 816 3328 turbare
839 3259 944 3343 velit,
978 3269 1015 3328 et

20 3353 175 3422 consulat
203 3377 248 3424 ex
272 3354 428 3427 rnilitum
452 3371 516 3430 aut
535 3363 799 3454 praefectorum
821 3361 874 3430 rei
895 3361 1014 3432 nauti-

18 3474 74 3522 cae
105 3469 169 3526 aut
203 3457 470 3532 classiariorum
492 3488 647 3535 numero
671 3465 811 3560 aliquot
830 3477 1014 3558 exemptos

16 3559 219 3630 oratoribus
244 3562 429 3636 addendos
453 3589 547 3650 esse,
586 3563 684 3639 bunc
705 3564 804 3638 baud
826 3568 933 3639 dubie
955 3591 1014 3638 oe·

17 3658 175 3742 rideretis
195 3662 296 3734 velut
311 3670 583 3758 perturbantem
606 3670 761 3741 civitatis
781 3681 934 3756 statum,
960 3671 1014 3740 id-

1066 2560 1150 2611 casu
1166 2539 1226 2624 fit,
1252 2551 1294 2609 ut
1312 2536 1510 2608 incolumes
1531 2537 1687 2606 evadant
1712 2533 1921 2629 aliquando.
1973 2529 2065 2625 Quis

1066 2641 1179 2735 igitur
1197 2665 1306 2714 sanus
1328 2652 1392 2710 aut
1411 2663 1512 2710 suam
1538 2637 1762 2738 autpatriae
1790 2636 1942 2708 salutem
1973 2635 2066 2732 eius·

1065 2745 1167 2816 modi
1182 2739 1325 2816 bomini
1340 2740 1570 2814 committat?
1604 2739 1694 2836 Quis
1710 2762 1786 2810 non
1797 2739 1926 2833 pronrl
1939 2737 2066 2831 fugiat,

1066 2860 1102 2919 et
1124 2850 1353 2942 desperatum
1374 2848 1480 2938 longe
1507 2869 1528 2914 a
1549 2843 1733 2938 republica
1755 2845 1987 2928 submoveat,
2017 2861 2064 2912 ne

1065 2951 1147 3046 quis
1177 2953 1217 3020 in
1249 2951 1359 3020 talem
1393 2949 1453 3018 vel
1486 2955 1631 3042 praeter
1661 2946 1871 3040 opinionem
1904 2941 2066 3017 incidat?

1064 3055 1160 3127 Nam
1175 3079 1257 3141 eos,
1281 3051 1346 3150 qni
1361 3051 1510 3123 urbibus
1528 3049 1739 3137 consulunt,
1767 3069 1939 3146 quaerere
1957 3069 2065 3141 opor-

1065 3169 1138 3244 tet,
1175 3181 1252 3227 non
1283 3177 1440 3252 quonam
1462 3155 1662 3225 temeritate
1683 3164 1848 3225 evertant
1869 3147 2066 3246 rempubli'·
2140 3197 2143 3210 -

1066 3285 1167 3346 cam,
1189 3261 1252 3333 sed
1270 3283 1426 3356 quorum
1442 3257 1635 3352 prudentia
1659 3269 1694 3328 et
1719 3257 1906 3350 diligentia
1928 3268 2066 3328 susten·-

1064 3377 1154 3437 tent.
1205 3363 1301 3436 Nam
1314 3361 1520 3434 felicitatem
1537 3359 1786 3458 prudentia⁴⁸)
1806 3361 1974 3432 omnibus
1997 3355 2065 3430 bo·
2086 3371 2090 3384 “

1065 3467 1223 3539 minibus
1244 3465 1352 3560 parit.
1417 3465 1619 3535 Temeritas
1642 3489 1685 3533 eo
1708 3463 1860 3558 abripit,
1893 3468 2066 3560 quorsum

1066 3573 1206 3642 auferre
1230 3570 1331 3640 illum
1358 3569 1561 3662 oportebat.
1626 3565 1754 3636 Videte
1776 3590 1863 3637 vero
1886 3587 1963 3635 non
1988 3578 2065 3636 tam

1067 3673 1269 3743 orationem
1284 3693 1402 3740 meam
1421 3693 1530 3764 quam
1547 3691 1775 3740 communem
1796 3663 1988 3740 hominum
2012 3667 2066 3738 vi-

16 3786 81 3856 que
97 3764 192 3838 iure.
247 3765 364 3839 Porro
381 3784 518 3865 quanto
533 3773 677 3864 gravius
696 3769 767 3842 boc
789 3774 925 3844 malum
950 3785 1014 3858 est,
1064 3788 1153 3847 tarn.
1189 3772 1232 3844 ln
1248 3771 1415 3844 omnihus
1428 3771 1578 3844 urbibus
1596 3795 1680 3844 arae
1699 3784 1807 3868 atque
1825 3773 1958 3866 templa
1968 3769 2065 3844 1)εο-

14 3880 228 3956 potestatem
245 3869 362 3943 lacere
382 3876 618 3968 capessendae
633 3875 849 3968 reipublicae
871 3888 933 3946 aut
948 3898 1013 3967 per
1065 3903 1147 3949 rum
1163 3889 1267 3963 sunt,
1293 3872 1402 3948 iubis
1419 3875 1527 3945 etiam
1542 3874 1799 3947 Providentiae
1820 3877 1958 3974 arae⁴¹)
1982 3887 2066 3950 sunt

16 3969 181 4044 rimant
212 3971 399 4048 destinatis
433 3977 588 4060 carceri,
629 3991 692 4048 aut
724 3977 874 4046 iufamia
910 3991 1012 4048 nota·
1065 3994 1239 4077 tanquam
1257 3979 1566 4072 magninuminis.
1612 3977 1677 4051 Est
1693 3993 1729 4051 et
1747 3983 1843 4074 apud
1857 3979 2065 4078 Apollinem

14 4070 72 4157 tis,
106 4087 173 4146 aut
200 4079 371 4164 aerariis,
403 4081 559 4175 denique
586 4077 663 4150 hoc*
682 4103 792 4174 genus
819 4081 917 4167 aliis,
950 4082 1014 4176 qui
1066 4085 1104 4154 in
1129 4081 1279 4178 Delphis
1302 4083 1395 4183 iuffl)
1428 4083 1507 4176 ipso
1538 4083 1663 4176 templi
1690 4085 1790 4156 aditu
1809 4073 2084 4159 Providentiae

15 4186 47 4244 et
78 4173 284 4264 habentur,
323 4195 361 4252 et
390 4207 429 4252 re
459 4183 537 4276 ipsa
573 4197 656 4255 sont
689 4184 870 4269 scelerati,
919 4209 1012 4280 quac
1068 4211 1152 4274 ara,
1178 4202 1213 4258 ct
1230 4200 1283 4259 est
1296 4186 1429 4282 Apollo
1455 4187 1531 4281 ipse
1555 4201 1675 4272 vates,
1709 4190 1932 4284 prospiciens
1956 4202 2065 4286 atque

14 4281 133 4350 omnia
157 4281 202 4351 in
228 4279 325 4354 bnuc
352 4299 572 4380 competunt.
638 4285 774 4383 ltaque
800 4313 866 4380 ego
894 4299 1012 4358 statuo
1066 4291 1272 4363 monensiu
1287 4303 1480 4388 utramque
1501 4303 1661 4384 partem,
1695 4294 1782 4388 quid
1803 4295 1851 4365 sit
1874 4285 2065 4387 optimum,

12 4377 81 4452 ianr
116 4385 210 4456 olim
241 4382 339 4458 hunc
374 4411 415 4482 ea
448 4403 673 4484 perpetrasse
711 4390 874 4484 flagitia,
921 4413 1013 4486 quae
1066 4420 1184 4490 neque
1206 4395 1271 4466 ulli
1292 4397 1415 4486 generi
1436 4390 1626 4465 hominum
1656 4397 1916 4490 desperationis
1935 4411 1973 4470 et
1997 4397 2065 4468 im·

12 4486 204 4579 capitalem
222 4513 377 4582 poenam
393 4494 636 4566 merebantur.
689 4493 875 4588 Quantum
891 4506 1012 4564 autem
1065 4498 1259 4591 pudentiae
1275 4522 1358 4568 arae
1377 4509 1479 4584 suut,
1506 4499 1569 4570 sed
1582 4498 1739 4571 iustitiae
1761 4514 1867 4596 atque
1893 4527 2064 4576 verecun-

12 4589 238 4688 audahitff),
270 4594 301 4664 si
320 4605 439 4664 vestra
462 4597 658 4679 autoritas,
691 4598 790 4691 quod
804 4595 867 4666 Dii
890 4591 1015 4690 prohi-

11 4689 139 4780 beant,
162 4697 341 4788 potestati
356 4697 431 4768 eins
448 4699 560 4772 robur
577 4697 835 4799 addiderim?
877 4699 1013 4772 Mirum

11 4817 222 4832 -—-——

43 4862 92 4924 35)
111 4865 147 4914 lt.
166 4865 188 4914 l.
208 4864 236 4914 ln
253 4865 340 4920 natta.
360 4865 453 4929 raas„
480 4867 674 4920 lbet-1587.
698 4869 765 4918 uota
783 4865 916 4932 margila:
947 4868 1015 4920 Arl-

76 4932 237 4998 stogttonts
255 4931 380 4987 andasta.

43 5019 93 5079 ³6)
112 5021 148 5068 ti.
169 5019 190 5070 t.
205 5013 239 5069 ln
252 5018 337 5072 narrt.
348 5019 436 5086 tm,
456 5021 532 5076 154⁷.
550 5024 618 5074 nota
636 5021 772 5088 margin:
795 5021 880 5076 narrt
896 5025 932 5076 ad
950 5038 1016 5089 per-

79 5097 174 5139 sonae
192 5086 421 5154 tusectsttourm,
440 5101 526 5154 eaque
542 5093 673 5156 tanquan
688 5093 801 5144 ninorts
818 5095 945 5156 probatio
964 5098 1015 5147 est.

78 5157 117 5207 Et
138 5153 259 5218 prtrnarn
277 5157 346 5207 taett
363 5169 424 5207 eura
442 5158 635 5227 desperabam,
661 5164 689 5210 ct
711 5165 842 5228 tanquan
868 5164 1017 5230 tarentum,

80 5224 309 5344 qnguputtsru
327 5227 434 5290 partera
452 5229 621 5293 retpubtluas
637 5229 882 5284 administrandam
901 5233 1015 5285 tdo‘neus

45 5379 95 5438 ar)
113 5377 274 5442 sorranus]
299 5379 342 5431 sn
364 5383 443 5432 raca
466 5382 550 5435 rust.
572 5381 667 5452 rara,
687 5383 781 5454 rara,
801 5387 895 5452 rasa,
930 5389 1016 5444 narn.

84 5447 185 5514 asse„
208 5449 400 5504 rasa-rasa.
418 5451 583 5504 sacramur.
907 5457 913 5464 ·

19 5531 214 5598 narasse.
231 5537 337 5603 oran
369 5537 456 5602 Ver..
472 5537 579 5603 xvtt

1069 4673 1278 4692 m

1101 4766 1152 4829 88)
1171 4769 1248 4818 llaec
1265 4769 1350 4820 rerba
1365 4768 1395 4820 ln
1406 4767 1493 4822 nunt
1509 4769 1597 4836 rata,
1617 4753 1808 4828 ωσι-4581.
1826 4776 1857 4828 tn
1873 4779 2000 4846 margine
2015 4792 2064 4832 ra·

1135 4837 1224 4901 petlta
1241 4841 1307 4888 suut
1326 4838 1384 4890 ste:
1408 4837 1450 4889 Ad
1471 4837 1575 4892 nullan
1591 4837 1761 4906 reipublicae
1777 4847 1886 4910 partem
1904 4849 2028 4902 idoneus

1100 4923 1318 5045 btpelleqetqrox
1334 4923 1364 4988 in
1382 4925 1467 4976 nutu.
1487 4923 1580 4994 tm,
1605 4927 1700 4996 ΗΜ,
1726 4929 1803 4986 ratu.
1829 4931 1858 4984 lu
1876 4934 2001 5000 margine
2017 4935 2063 4984 cst

1217 5009 1225 5043 Ι
1684 5015 1695 5025 ι

1100 5007 1390 5202 wieilipgl'fliqgffl'
1407 5080 1502 5147 teba,
1528 5083 1721 5140 raas-rtet.
1740 5089 1807 5140 ueta
1824 5089 1958 5152 murga:
1988 5085 2062 5140 Prn-
2115 5085 2121 5098 '

1102 5233 1150 5301 tt)
1170 5237 1229 5286 ttae
1250 5236 1321 5287 duae
1346 5247 1432 5288 vocas
1455 5237 1484 5290 tu
1500 5238 1588 5294 ltdttt.
1605 5239 1699 5308 tm,
1727 5239 1921 5296 1564-1687.
1940 5241 1968 5306 in
1986 5255 2063 5296 nar-

1134 5304 1200 5370 gtua
1216 5308 1283 5355 sunt
1300 5305 1446 5373 repetltss.

1102 5391 1152 5451 rt)
1169 5389 1376 5514 rqqssqrsdpp'tqr.
1396 5391 1483 5461 asar,
1502 5393 1595 5462 roan,
1615 5393 1706 5460 rasa.;
1731 5393 1760 5446 tn
1777 5395 1864 5454 rust.
1884 5399 1976 5470 rua,
1996 5403 2064 5456 taor

1138 5484 1175 5500 .-
1250 5497 1257 5513 ,
1445 5475 1460 5506 x

1449 5529 1501 5603 50
