4676 5802
49 201 174 290 uta·
298 205 405 283 xutt
455 199 863 285 torneamento
882 202 1180 284 oesrtotvust
1204 200 1593 288 axnaudtnuus
1619 211 1768 287 amno
1788 215 1847 290 ut
1996 210 2099 290 sors
2169 279 2175 288 .

44 406 123 456 aras
146 382 426 475 iugulsbnntar.
468 379 603 454 Bacchi
628 380 1059 466 sacellum·obstructum.¹
1086 367 1165 452 'tati
1180 385 1398 476 praesidium
1416 379 1585 480 pararat,
1607 407 1674 457 uec
1687 377 1831 462 foedera
1849 379 2107 478 religionem·
2190 417 2196 436 ·

45 503 107 572 est,
128 499 189 571 ut,
211 485 278 581 qul
294 485 605 578 eorunfttgerant,
630 488 771 572 isciusi,
791 489 890 558 fame
904 486 1045 556 ibimo-
1095 497 1153 555 ter
1162 511 1200 558 se
1217 491 1427 573 servabant,
1453 493 1515 562 sed
1533 491 1699 561 'devincti'
1715 491 1888 563 sceleusm
1912 491 2093 572 societate,

44 601 229 662 arctatura
248 608 313 660 'eo
337 587 452 684 ns'qua
472 590 647 688 processit
669 605 840 662 eruentae
859 588 1046 662 seditionis
1095 601 1192 657 reeta
1220 593 1372 663 consilia
1386 593 1693 666 ⁸catlversariorum
1726 593 1996 677 admittebant,
2017 597 2111 663 uou‘

44 697 164 775 furor,
208 709 304 786 quae
323 687 474 786 quidem
506 706 542 764 et
567 715 612 764 eo
646 693 721 766 visa
753 705 806 766 est
834 688 1045 775 terribilior,
1095 691 1258 764 veritatis
1270 717 1389 779 mma,
1415 695 1477 768 sed
1492 687 1670 793 quatenus
1683 696 1769 790 ipsis
1782 697 1991 790 proderant·
2022 694 2094 768 Cu·

46 798 142 892 quod
164 807 254 865 utne
276 789 402 887 prima*
415 795 496 868 fuit.
561 796 691 867 Postea
716 797 812 868 enlm
836 806 1059 869 exarserunt·
1095 793 1227 888 piditas
1247 808 1350 867 tanta
1370 798 1556 871 ‘vindictae
1576 813 1674 885 erat,
1705 812 1747 872 ut
1768 800 1904 893 gratim
1927 813 2019 872 esset
2038 799 2103 868 vi·-

45 901 176 994 ubique
197 893 394 970 seditiones
426 897 466 968 in
494 909 569 968 tota
593 894 766 986 Graecia,
807 922 889 972 cum
918 897 1045 994 papuli
1096 892 1173 970 cem
1188 901 1357 984 reddere,
1384 925 1492 996 quam
1513 926 1700 1000 uunquam
1724 903 1824 973 affici
1838 901 1983 974 iniuria.
2030 901 2105 973 ln-.

46 1005 150 1074 duces
165 1012 407 1074 asseuerante
432 993 688 1088 Athenienses,
735 1003 927 1098 optimates
956 1023 1043 1072 vero
1095 1001 1222 1073 &miae
1237 1002 1406 1074 valebant
1423 1005 1618 1098 tantisper,
1654 1008 1739 1076 dnm
1764 1003 1855 1079 nibil
1879 1019 1969 1077 esset
1990 1005 2091 1104 auxi-

46 1093 366 1176 Lacedaemonios.
418 1103 591 1200 Cumque·
605 1105 646 1176 in
668 1127 757 1200 pace
780 1110 918 1178 deesset
942 1127 1043 1175 ncca-
1095 1104 1154 1184 lii3
1188 1105 1302 1177 sicubi
1322 1101 1622 1178 vero'creverant
1645 1109 1758 1192 vires,
1798 1110 1912 1179 multo
1937 1116 2020 1178 ciat·
2036 1107 2092 1180 iu-
2131 1187 2137 1194 .

46 1211 97 1282 siu
112 1207 322 1279 accersendi
335 1205 471 1292 socios,
497 1209 718 1278 deliniebant
732 1221 767 1279 et
785 1209 1044 1280 extimulabant
1083 1207 1246 1280 ¹condius
1273 1209 1426 1280 alterum
1456 1211 1676 1304 imparatum
1700 1205 1736 1282 et
1758 1225 1908 1306 propter
1928 1203 2090 1288 inducias

45 1312 194 1404 cupidos
208 1333 330 1382 rerum
348 1333 547 1393 novarum,
572 1324 614 1382 ut
628 1312 717 1383 ortis
734 1313 944 1383 tumultibus
959 1311 1044 1381 belli
1094 1305 1187 1381 nibil
1204 1325 1448 1404 expectantem
1467 1310 1595 1384 hostile
1612 1314 1836 1408 opprimere,
1862 1339 1970 1409 quarn
1987 1337 2092 1409 aper·
2216 1355 2219 1362 ·

46 1426 235 1508 praetextu
249 1412 382 1484 auxilia
399 1415 606 1508 quaerenda
622 1427 758 1499 esseut,
781 1429 816 1486 et
831 1439 911 1486 cum
936 1415 1043 1485 alter·
1095 1425 1131 1484 te
1145 1413 1411 1507 praemonitum
1428 1415 1585 1502 adoriri,
1610 1416 1745 1512 etquis
1762 1412 1831 1488 boc
1847 1418 1958 1490 tutius
1973 1415 2092 1489 existi·
2119 1444 2124 1455 ¹
2223 1489 2229 1494 ,

46 1519 133 1589 utris
160 1517 327 1588 facienda
357 1515 528 1600 societas,
562 1518 661 1611 quod
686 1525 730 1587 eo
753 1519 903 1590 consilio
923 1518 1043 1602 tiebat,
1095 1517 1282 1600 mabatur,
1313 1528 1349 1588 et
1370 1517 1454 1612 quia
1477 1517 1555 1591 laus
1579 1533 1656 1590 erat
1679 1520 1815 1611 ingenii
1838 1521 1963 1590 fraude
1987 1545 2091 1612 supe-

45 1634 83 1692 ut
98 1620 252 1714 privatis
267 1618 421 1689 inimicis
439 1617 570 1713 singuli
584 1634 776 1705 nocerent,
810 1632 846 1694 et
866 1621 936 1694 sibi
957 1619 1044 1717 ipsis
1095 1643 1198 1700 rates
1219 1620 1356 1692 facilius
1371 1623 1471 1709 euim¹
1483 1622 1577 1695 inter
1594 1623 1724 1727 mqltos
1741 1623 1896 1714 improbi
1917 1635 2092 1696 vocantur

44 1722 249 1817 potentiam
263 1719 539 1793 circumdarent.
590 1713 836 1816 bfuita'igitut
858 1720 897 1793 in
920 1717 1043 1794 civita·
1095 1719 1283 1808 menard,
1311 1745 1425 1820 quam
1445 1725 1631 1797 tardiores
1644 1737 1819 1797 vocantur
1841 1725 1940 1798 boui.
1996 1727 2091 1798 Nam

44 1828 137 1899 tibus
152 1826 364 1898 acciderunt
380 1818 660 1920 atmcia,·quae
682 1834 719 1897 et
734 1825 973 1910 declament,
1006 1839 1044 1896 et
1081 1826 1277 1900 cardamo
1290 1829 1418 1920 puden
1443 1828 1573 1901 astutii
1592 1848 1678 1899 vero
1700 1829 1902 1920 gloriantur
1923 1824 2090 1900 homiues

45 1932 129 2001 fient
142 1951 307 2022 semper,
338 1927 454 1997 donec
468 1929 593 1998 eadem
610 1926 881 2020 eritbomiuum
899 1941 1043 2012 natura,
1095 1929 1203 1999 etiam
1220 1930 1259 1999 in
1274 1929 1477 2004 sceleribus.
1534 1931 1676 2002 Horum
1702 1943 1888 2031 tantorum
1908 1933 2092 2003 malorum

45 2059 105 2106 scu
129 2028 335 2103 crudeliora
357 2051 420 2102 seu
442 2030 607 2114 mitiora,
650 2035 713 2104 sed
738 2033 856 2126 specie
876 2027 1043 2104 nonnihil
1096 2056 1200 2104 causa
1222 2047 1301 2105 erat
1323 2033 1497 2126 appetitio
1517 2030 1682 2127 imperii,
1699 2043 1791 2104 'tum
1816 2059 1859 2104 ex
1880 2031 2091 2117 ambitione,

45 2149 203 2222 mutata,
237 2147 277 2207 ut
308 2155 435 2206 causae
463 2143 700 2226 motuumjet
726 2149 890 2232 tempora
915 2139 1043 2209 ferent.
1095 2148 1172 2208 tum
1190 2159 1232 2206 ex
1248 2133 1327 2210 aliis
1341 2135 1483 2210 iniustis
1498 2137 1753 2230 cupiditatibus
1774 2151 1866 2227 orba.
1925 2136 2018 2213 utre
2038 2139 2092 2208 fa·

43 2240 135 2316 Nam
150 2241 199 2310 iu'¹
209 2261 300 2333 pace
314 2251 350 2310 et
364 2238 474 2309 rebus
486 2235 650 2310 secundls'
664 2233 829 2312 homines
845 2239 988 2334 publice
1009 2251 1045 2309 et
1096 2238 1232 2312 ctiones
1247 2239 1442 2312 extiterunt
1467 2252 1503 2310 et
1517 2241 1677 2334 partium
1693 2241 1958 2326 contentiones,
1985 2254 2021 2312 et
2035 2263 2094 2312 re·

42 2345 216 2439 privatim
241 2341 478 2414 modestiores
500 2341 641 2413 animus
661 2338 815 2428 babent,
855 2342 1044 2439 quianon
1095 2365 1176 2413 rum
1193 2341 1451 2436 gubernatores
1467 2344 1681 2436 turpissimis
1696 2345 1802 2414 rebus
1816 2339 1986 2419 honestas
2009 2366 2093 2414 cau-

44 2449 135 2541 cugit
150 2471 217 2519 eus
231 2445 348 2518 subita
371 2444 490 2540 aliqua
511 2445 565 2516 vis
588 2446 743 2516 violenta
768 2447 914 2518 consilia
936 2468 1044 2546 quae-
1096 2471 1153 2520 sas
1169 2447 1436 2540 praetexebant.
1488 2446 1563 2517 Alii
1580 2473 1620 2522 se
1642 2471 1798 2542 aequum
1822 2446 1877 2517 ius
1900 2471 1965 2520 ceu
1985 2447 2102 2537 liber-¹

5 2603 6 2644 p
44 2578 133 2626 rere.
190 2547 340 2622 Bellum
362 2570 449 2619 vero
474 2548 680 2620 diminuens
703 2551 906 2646 quotidiani
929 2550 1044 2620 victus
1096 2561 1206 2620 tatem
1228 2549 1377 2642 populi,
1412 2548 1474 2620 alii
1498 2550 1719 2644 maiestatem
1744 2549 1948 2644 principum
1972 2551 2093 2638 defen·

5 2741 6 2746 ¹
46 2659 214 2750 copiam,
238 2652 417 2724 violentus
432 2652 603 2746 magister
616 2665 687 2740 est,
715 2667 750 2724 et
763 2657 962 2743 multorum
978 2653 1044 2722 im·
1096 2655 1181 2734 dere
1203 2678 1239 2724 se
1262 2651 1489 2754 simulantes,
1523 2653 1641 2728 verbis
1661 2633 1808 2751 quidem
1831 2652 2103 2751 rempublicam·

5 2819 6 2850 ÷
45 2773 146 2854 petus
160 2747 209 2830 ad
224 2767 439 2851 praesentes
450 2756 654 2830 occasiones
666 2757 802 2831 incitat.
849 2757 965 2830 Erant
980 2757 1044 2850 igi-
1097 2755 1298 2840 iactabant,
1339 2781 1484 2827 revera
1509 2769 1628 2830 atatem
1651 2759 1695 2833 de
1717 2755 1867 2857 privatis
1892 2757 2103 2832 commodis¹

5 2919 7 2958 ζ
45 2878 104 2935 tur
133 2863 245 2960 plena
275 2859 506 2932 seditionum
523 2860 666 2944 omnia,
698 2875 732 2932 et
754 2861 905 2934 subinde
927 2873 1045 2955 poste·
1097 2859 1330 2932 dimicabant.
1380 2861 1563 2936 Audentes
1578 2859 1801 2958 auneissima
1821 2869 1857 2929 et
1878 2883 2014 2952 poenas
2036 2861 2102 2934 in·-

6 3021 7 3026 η
46 2969 144 3038 riura
166 2967 263 3038 facta
284 2967 368 3036 'cum
389 2964 624 3057 sumpsissent
645 2967 847 3062 exemplum
871 2991 893 3038 a
914 2965 1045 3059 priori·
1096 2963 1257 3058 fligeutes
1269 2961 1464 3049 maximas,
1489 2987 1555 3034 nec
1568 2963 1673 3050 iure,·
1689 2987 1755 3034 nec
1768 2961 1922 3036 utilitate
1937 2961 2097 3058 publiea,

6 3127 7 3134 ,
47 3071 130 3155 bus,
154 3083 290 3141 -tamen
312 3067 351 3138 id
372 3067 481 3160 longe
503 3081 676 3161 superant
696 3069 876 3154 novitate,
909 3067 1046 3138 callidi·
1098 3069 1160 3143 sed
1175 3067 1360 3161 voluptate
1378 3090 1441 3140 sua
1459 3065 1720 3154 metiebantur,
1752 3081 1788 3140 et
1802 3067 1861 3138 vel
1873 3065 2007 3164 iniquis
2023 3067 2104 3160 suf-,¹

6 3155 7 3168 ἵ
49 3187 119 3245 tate
135 3170 297 3258 consilii,
323 3182 361 3242 et
375 3170 603 3254 crudelitate,
630 3183 665 3240 et
689 3195 746 3243 ars
770 3185 848 3243 erat
870 3171 1044 3243 vocabula
1097 3171 1358 3263 fragatiouibus
1382 3169 1476 3244 cives
1504 3171 1697 3268 tollebant,
1738 3172 1796 3240 vel
1826 3169 2107 3266 opprimebant,

49 3291 209 3361 mutare,
243 3285 287 3347 ut
310 3273 517 3368 turpissima
539 3272 670 3346 scelera
693 3273 781 3348 iuris
802 3275 918 3370 specie
944 3297 1046 3346 excu·
1098 3287 1140 3346 ut
1153 3273 1232 3346 aliis
1247 3299 1386 3348 morem
1404 3287 1582 3368 gererent.
1633 3273 1762 3355 Neutri
1776 3273 1887 3368 igitur
1908 3297 1995 3346 vero
2013 3283 2104 3373 ,stu-¹

6 3441 7 3448 ,
48 3394 225 3454 serentur.
276 3377 406 3450 Audax
416 3384 456 3448 'et
469 3375 666 3470 impudens
677 3379 875 3452 vocabatur
888 3379 992 3451 fodis
1012 3389 1048 3448 et
1099 3377 1160 3448 dio
1190 3402 1232 3448 ac
1261 3375 1435 3472 religione
1459 3377 1659 3478 quidquam
1689 3377 1888 3458 faciebant;
1936 3368 2001 3452 sed
2033 3376 2094 3448 illa

6 3471 7 3478 ἵ
48 3485 163 3557 fidelis
178 3483 307 3554 socius.
358 3481 596 3554 Considerata
618 3483 776 3554 cantatio
799 3483 986 3556 dicebatur
1002 3481 1047 3552 ti-
1098 3483 1177 3554 laus
1193 3483 1453 3577 quaerebatur,
1476 3504 1586 3575 quam
1603 3481 1758 3555 maxime
1772 3501 1937 3572 premere
1958 3477 2098 3552 alienos

46 3587 210 3671 miditas,
231 3583 418 3656 modestus
434 3581 765 3678 reprehendebatur
783 3599 958 3683 tauquam
981 3609 1048 3657 nec
1084 3583 1249 3660 :honesta
1273 3583 1402 3678 specie.
1454 3581 1568 3654 Medii
1590 3583 1683 3656 cives
1705 3585 1749 3654 ab
1772 3580 1935 3682 utrisque
1959 3580 2095 3656 lacera·

6 3703 7 3722 .
48 3717 129 3766 acer
142 3714 210 3762 uec
224 3709 369 3784 pugnax
385 3699 486 3760 esset.
539 3687 719 3761 Providus
734 3713 821 3760 vero
837 3704 872 3761 et
885 3687 1044 3784 pericula
1098 3691 1251 3777 bantur,
1291 3686 1347 3760 vel
1373 3687 1472 3783 quod
1492 3688 1631 3760 nubent
1653 3687 1825 3762 adiuvare
1854 3701 1995 3782 partes,
2037 3688 2098 3762 vel

6 3813 7 3824 ¹
47 3787 507 3890 praemoliens'babebatur
524 3815 594 3885 pro
608 3791 761 3884 ignavo,
793 3789 986 3865 vehemens
1013 3804 1048 3863 et
1099 3793 1182 3890 quia
1207 3790 1338 3862 caeteri
1363 3790 1414 3862 eis
1437 3788 1721 3865 incolumitatem
1752 3791 1975 3866 invidebant.
2043 3789 2103 3886 Ita

47 3901 215 3994 petulans
237 3897 296 3968 vir
316 3894 570 3988 magnanimus
590 3895 799 3969 vocabatur.
850 3893 1045 3990 Diligentia
1085 3907 1249 3990 propter
1262 3893 1456 3967 seditiones
1471 3918 1579 3967 omne
1599 3921 1712 3990 gutur
1733 3895 1908 3975 scelerum
1928 3896 1971 3968 in
1984 3895 2100 3992 Grae.

47 4003 86 4072 iu
123 4000 298 4094 eligendis
330 3997 523 4072 tutioribus
554 3992 711 4071 consiliis
747 3999 932 4072 dicebatur
972 4024 1047 4072 esse
1098 3999 1154 4070 cia
1170 3999 1420 4091 grassabatur,
1446 4011 1482 4070 et
1496 3997 1717 4094 simplicitas,
1743 4000 1965 4099 quaemagis
1980 3999 2105 4092 existit,
2147 4037 2151 4048 ¹

46 4117 254 4199 praetextus
273 4101 541 4197 tergiversantis
563 4113 600 4172 et
619 4113 802 4195 receptum
827 4103 1047 4198 prospicien-
1098 4103 1137 4173 in
1163 4102 1346 4195 generosis
1366 4101 1526 4190 naturis,
1559 4129 1641 4178 cum
1665 4105 1910 4194 derideretur,
1946 4133 2095 4204 prorsus

45 4209 109 4290 tis;
136 4209 332 4281 incendens
347 4207 452 4290 odia,
475 4204 607 4286 tidelis;
634 4205 902 4294 contradicens,
925 4231 1048 4302 suspe-
1099 4205 1253 4278 extincta
1265 4218 1330 4279 est.
1378 4203 1491 4303 quue
1506 4230 1658 4302 magnae
1673 4209 1774 4284 laudi
1790 4213 2002 4299 ducebatur,
2027 4215 2095 4286 dif-

47 4323 144 4398 ctus;
186 4311 246 4384 eui
274 4309 426 4384 tunensi
454 4307 603 4380 insidias
627 4311 865 4404 responderat
887 4323 1048 4395 eventus,
1098 4311 1208 4381 fidere
1235 4308 1329 4381 inter
1359 4333 1455 4394 sese,
1494 4313 1688 4405 suspicari,
1727 4314 1885 4388 intentos
1913 4339 1990 4404 esse
2016 4310 2123 4402 tota,v

50 4431 207 4497 astutum
247 4415 363 4488 multo
388 4435 477 4483 vero
497 4413 670 4496 astutior,
703 4413 768 4510 qui
789 4425 941 4488 stmctas
962 4415 1048 4487 insi·
1099 4425 1220 4486 mente
1248 4412 1286 4482 in
1317 4412 1532 4499 alterutros,
1570 4428 1607 4487 et
1633 4418 1680 4488 ad
1707 4431 1872 4492 mutuam
1898 4419 2096 4516 perniciem

48 4521 126 4592 dias
147 4517 393 4615 praesentiens
420 4515 592 4588 illuserat.
657 4513 733 4609 Qui
755 4539 842 4589 vero
865 4515 1049 4589 securitati
1100 4515 1248 4588 consilia
1264 4513 1431 4610 dirigere.
1482 4515 1557 4591 Nec
1570 4521 1765 4614 excogitari
1782 4522 1875 4594 ullae
1889 4533 1964 4594 tam
1986 4527 2098 4625 expli-

50 4621 184 4694 civium
200 4622 409 4708 consulens,
432 4643 498 4692 nec
510 4617 635 4692 moliri
648 4617 819 4707 iusidias,
843 4643 1047 4694 neccavere
1100 4619 1189 4690 citae
1205 4619 1503 4715 compositiones,
1528 4623 1600 4694 ulla
1617 4637 1692 4696 tam
1715 4637 1835 4698 sancta
1860 4627 2006 4699 foedera
2029 4624 2100 4726 po-'

49 4727 214 4811 volebat,
239 4726 428 4798 dicebatur
441 4724 640 4795 amicorum
655 4721 852 4796 dissolutor
871 4737 908 4796 et
927 4721 1048 4797 hostes
1099 4738 1239 4808 terant,
1279 4747 1372 4821 quae
1395 4722 1632 4799 diffidentiam
1658 4729 1789 4804 animis
1812 4729 2028 4824 eximerent,
2061 4724 2105 4807 et'
2153 4787 2157 4794 .

47 4853 298 4926 expavescens.
336 4827 572 4900 Laudabatur
587 4838 623 4897 et
638 4825 702 4923 qui
718 4839 942 4899 antevertere
957 4826 1050 4901 alios
1100 4827 1317 4900 offensiones
1338 4841 1520 4902 sanarent.
1587 4831 1753 4929 Cumque
1783 4832 1915 4930 singuli
1939 4833 2095 4931 suspica-

49 4933 214 5008 nncendo
230 4941 393 5026 poterat,
426 4942 462 5002 et
485 4931 548 5026 qui
572 4941 652 5001 erat
672 4925 851 5004 hortator.
903 4931 1049 5005 Gratio·
1099 4943 1225 5002 rentur
1245 4929 1343 5002 nulla
1363 4933 1441 5003 fore
1463 4933 1641 5006 durabilia
1664 4937 1831 5025 foedera,
1871 4940 2102 5014 antevertere

50 5059 107 5110 res
123 5049 228 5109 erant
244 5028 460 5129 inpartibus
475 5033 603 5119 alieni,
628 5057 738 5130 quam
755 5034 919 5128 cognati,
950 5035 1048 5131 quod
1099 5028 1219 5105 hostes
1247 5033 1451 5120 malebant,
1491 5061 1601 5132 quam
1632 5039 1682 5114 eis
1703 5041 1810 5114 fidem
1830 5035 1977 5116 babere.
2041 5032 2107 5118 Ae.

50 5137 104 5209 illi
126 5141 204 5214 sine
227 5137 453 5211 recusatione
475 5137 598 5207 omnia
626 5137 745 5208 facere
774 5149 810 5208 et
834 5139 911 5232 pati
933 5140 1048 5234 magis
1098 5131 1281 5232 saepebi,
1307 5137 1371 5236 qui
1385 5138 1506 5211 minus
1522 5141 1707 5235 pollebant
1728 5141 1896 5233 consilio,
1931 5121 2108 5243 superio-'f

52 5243 227 5314 acrdereut
250 5267 359 5346 quam
383 5239 601 5336 propinqui,
634 5240 837 5336 fiebantque
860 5237 950 5311 haee
973 5245 1048 5318 foe-
1098 5266 1155 5313 res
1172 5251 1296 5327 eraut,
1321 5239 1406 5339 quia
1423 5241 1556 5315 conscii
1569 5245 1638 5317 sibi
1653 5242 1814 5319 inscitiae
1833 5271 1937 5334 suae,
1965 5263 2000 5320 et
2022 5221 2109 5322 mel¹

53 5345 138 5416 dcra
166 5368 244 5418 nou
270 5347 369 5419 iusta
398 5346 492 5436 leges
514 5341 680 5413 utilitatis
706 5341 909 5414 communis
929 5367 1048 5435 eausa,
1071 5325 1077 5416 l
1100 5355 1238 5416 tuentes
1257 5345 1425 5418 astutiam
1450 5347 1761 5436 adversariorum,
1797 5351 1900 5424 citius
1920 5363 1955 5424 et
1978 5355 2098 5425 rabio-

53 5449 115 5519 sed
126 5450 385 5542 emersissem,
410 5459 452 5520 ut
466 5453 552 5518 suae
567 5444 720 5542 quisque
735 5445 888 5518 iniustae
910 5455 1049 5550 mrpidia
1073 5447 1076 5463 '
1100 5447 1172 5520 sius
1188 5470 1288 5520 arnna
1307 5451 1507 5625 capiqbgaqt.
1559 5451 1717 5525 Ecoutra
1734 5467 1940 5552 contemptu
1963 5453 2095 5532 honum
