4648 5794
81 163 171 248 ca-
202 165 325 242 xnu.
375 167 688 248 scammum
707 169 774 248 rr
791 170 997 250 amour
1019 168 1070 248 us
1091 165 1240 250 urtsr.
1262 169 1376 252 rara
1400 173 1484 256 uc
1505 178 1597 257 un.
1611 183 1702 262 uu
1726 189 1799 268 ee.
1817 197 1851 271 1.
1864 203 1901 276 a.
1916 203 1953 278 a.
2022 205 2099 286 4⁵4

78 339 140 434 pho
163 340 333 426 Patroni,
366 345 538 417 concedat
559 344 755 439 parietinas
776 343 936 442 Epicuri.
1000 345 1056 418 De
1107 355 1192 428 tuo,
1234 356 1269 416 et
1292 349 1708 439 gaudentemnsuetia
1731 364 1937 457 ammirei,
1976 387 2097 451 tamen

78 441 136 514 hoc
152 456 228 514 toto
244 445 390 536 negotio
413 447 542 518 scribit
558 451 604 518 ad
624 448 784 522 Atticum
806 449 902 521 libro
919 445 955 524 5.
982 449 1056 541 epi·
1108 446 1192 542 quia
1210 447 1319 518 etiam
1336 451 1463 526 absens
1478 457 1662 532 fortunam
1677 473 1777 538 tuam
1794 471 1911 558 doleo,
1932 477 2096 573 volupta-

78 547 155 617 stola
175 547 232 620 11.
274 545 472 619 Exordium
495 551 686 640 figuratum
703 566 756 624 est
773 553 996 625 dubitatione
1012 554 1056 623 de
1107 560 1179 618 tem
1194 563 1288 620 certe
1305 555 1481 626 maiorem
1496 584 1663 651 praesens
1678 567 1885 660 coepissem,
1906 602 2015 672 quam
2034 585 2094 652 ab·

77 673 131 718 suo
154 647 331 720 desiderio
353 651 496 724 videndi
520 651 745 726 Memmium.
804 655 974 750 Sequitur
997 677 1055 746 ge·
1106 674 1185 722 sens
1200 674 1324 746 capere
1341 681 1481 750 queam.
1532 662 1653 757 Quare
1669 673 1821 758 curabo,
1847 689 1888 747 ut
1909 682 1955 750 ad
1979 694 2013 754 te
2036 709 2095 758 ve·

75 750 194 822 neralis
216 751 365 844 petitio,
401 767 442 824 ut
466 755 795 829 commendationes
822 781 888 848 pro
912 754 990 828 aliis
1013 757 1055 825 li·
1105 751 1225 838 niem,
1267 768 1333 828 etc.
1399 757 1538 832 Deinde
1568 765 1635 838 sibi
1657 771 1794 843 aditum
1816 777 1862 846 ad
1882 783 2093 872 petitionem

73 855 187 928 lenter
204 853 367 946 accipiat.
418 854 559 927 Deinde
580 857 730 950 ponitur
750 861 933 944 narratio,
961 883 1053 954 quae
1104 853 1207 925 facit:
1246 856 1337 927 Pelo
1358 883 1379 930 a
1401 873 1437 932 te
1458 863 1615 960 aliquid,
1646 870 1696 940 ita
1719 887 1859 964 tamen,
1893 907 1938 953 ne
1960 884 2092 962 invitus

72 966 201 1026 constat
216 955 528 1030 commendatione
538 959 706 1032 Patronis
719 956 937 1056 philosophi.
961 959 1053 1032 Nar·
1103 956 1223 1030 fatiat·
1275 958 1405 1034 P⁰⁸let
1419 979 1544 1038 nami
1560 993 1721 1058 causam,
1749 1001 1791 1048 tt
1809 979 2091 1063 circumstantias

70 1057 193 1126 rationi
219 1059 363 1130 additur
385 1061 533 1152 petitio,
565 1074 606 1134 ut
629 1063 815 1155 permittat
836 1059 1052 1156 philosopho
1103 1058 1295 1152 adspergit,
1322 1065 1451 1157 quibus
1468 1093 1678 1159 permovere
1696 1099 1776 1148 eum
1795 1096 1956 1159 conatur.
1986 1089 2091 1164 Post-

69 1157 255 1249 parietinas
271 1159 429 1254 Epicuri.
490 1163 663 1236 Rationes
684 1165 863 1237 ducuntur
873 1165 919 1262 ¹¹)
944 1165 1052 1236 aPa-
1103 1183 1145 1230 ea
1170 1163 1353 1254 proponit.
1418 1167 1511 1242 Usus
1541 1185 1666 1246 autem'
1691 1190 1743 1248 est
1777 1183 1914 1259 duabus
1935 1190 2085 1262 rationi·
2152 1175 2165 1190 ⁸

71 1260 173 1332 tronis
188 1286 342 1354 persona
360 1276 396 1333 et
411 1263 456 1334 ab
470 1265 850 1340 intercessioneAttici.
900 1269 1052 1340 Conclu-
1102 1263 1181 1334 bus·
1244 1264 1368 1338 Prima
1392 1281 1535 1364 sumpta
1558 1288 1612 1346 est
1633 1301 1654 1347 a
1676 1279 1788 1353 lucili:
1823 1285 1896 1361 Res
1916 1287 2005 1364 levis
2025 1309 2090 1380 ests

73 1363 122 1432 310
136 1353 246 1434 habet
258 1365 508 1460 repetitionem
524 1368 720 1461 petitionis,
1072 1389 1073 1392 ’
1102 1364 1212 1456 igliur
1224 1390 1299 1437 non
1319 1372 1419 1441 (lecet
1436 1385 1471 1443 le
1486 1377 1702 1468 perllndtllls
1728 1407 1806 1454 eam
1826 1411 1970 1480 negare.
2028 1389 2096 1468 so·-

367 1536 376 1553 ·
1103 1470 1219 1541 cunda
1237 1471 1282 1539 ab
1298 1472 1407 1542 Attici
1423 1499 1598 1566 persona,
1626 1507 1645 1554 a
1664 1507 1736 1576 quo
1752 1503 1897 1580 rogatus
1913 1508 2001 1568 erat.

303 1535 443 1608 Alrud
471 1552 796 1632 argumentum.

143 1665 307 1760 Epistola
323 1683 376 1741 est
391 1673 700 1746 commendaticia.
740 1671 937 1743 Exordium
955 1695 1050 1742 sum·
1253 1667 1439 1744 Scholia
1473 1675 1518 1746 in
1545 1677 1792 1771 epistolam
1819 1681 1862 1762 ll.
1878 1689 1936 1790 ¹⁴).

58 1781 160 1858 ptum
176 1781 267 1840 esta
283 1772 527 1860 dubitatione,
563 1787 686 1869 estque
711 1775 869 1868 captatio
892 1776 1048 1846 benevo-

56 1869 200 1944 lentiae.
234 1871 416 1966 Significat
431 1889 550 1953 autem
566 1901 604 1948 se
619 1876 784 1972 inprimis
798 1876 930 1961 dolere,
951 1877 1049 1971 quod

54 1969 270 2046 Memmium
284 1973 433 2050 Athenis
448 2003 523 2048 non
539 1979 681 2052 viderit.
730 1979 862 2050 Addita
877 1991 930 2052 est
945 1978 1049 2070 polli-

52 2073 198 2160 citatio,
223 2101 260 2148 se
277 2078 444 2150 daturum
461 2105 629 2174 operam,
651 2080 900 2177 utaliquando
917 2080 1048 2166 videat,
1392 2091 1720 2186 Argumentum
1733 2101 1791 2200 ¹⁶).

51 2172 199 2248 interim
217 2178 484 2272 diligentissime
498 2209 535 2256 se
552 2185 768 2278 scripturum
784 2209 872 2260 esse.
923 2183 1047 2278 Sequi-

63 2289 116 2348 tur
136 2279 282 2378 obliqua
305 2282 451 2374 petitio,
492 2309 600 2382 quam
624 2286 824 2379 praemittit
845 2286 1047 2357 narrationi

62 2377 212 2454 invitans
233 2383 466 2472 Memmium,
506 2401 547 2459 ut
576 2388 614 2460 id
642 2389 794 2460 libenter
813 2401 914 2482 agat,
948 2390 1046 2482 quod

61 2483 232 2572 petiturus
262 2499 325 2558 est.
389 2486 558 2562 Narratio
590 2514 731 2564 causam
760 2492 919 2562 continet
949 2515 1045 2562 com-

63 2587 254 2656 mendandi
272 2589 453 2663 Patronis.
519 2592 608 2664 Post
633 2594 877 2667 narrationem
897 2593 1045 2685 ponitur

62 2688 256 2778 propositio
270 2691 465 2782 petitionis.
516 2693 624 2764 Ratio
640 2708 782 2788 sumpta
799 2708 852 2767 est
872 2720 914 2765 ex
933 2692 1045 2765 hone·
1343 2702 1478 2776 Aliud
1508 2724 1834 2801 argumentum.

62 2803 169 2862 nesto.
218 2791 408 2864 Praedicat
422 2807 540 2865 autem
556 2797 744 2867 sollicitam
762 2821 883 2868 curam
911 2809 946 2866 et
968 2797 1044 2868 olli·
1755 2803 1767 2818 ““

62 2891 148 2960 cium
165 2892 346 2966 Patronis.
397 2897 643 2989 Propositioni
660 2899 801 2970 subiicit
814 2921 947 2969 novam
963 2923 1043 2969 cau·

60 3015 153 3078 sam,
178 3019 249 3089 qua
265 2996 419 3068 maxime
440 3013 560 3072 motus
580 3001 627 3072 sit
649 3002 697 3070 ad
718 3001 1042 3073 commendandum

60 3091 250 3168 Patronem
281 3123 303 3168 a
330 3123 483 3191 persona
506 3101 636 3186 Attici,
673 3102 732 3173 cui
755 3097 847 3174 nihil
867 3105 1042 3194 denegare
1334 3110 1470 3183 Aliud
1506 3132 1837 3208 argumentum.

58 3198 184 3284 potuit.
233 3199 422 3274 Postremo
438 3204 518 3276 loco
531 3207 680 3298 ponitur
693 3206 812 3278 brevis
827 3205 1020 3278 conclusio.

1203 1816 1235 1911 §.
1252 1823 1286 1892 1.
1314 1827 1394 1896 doio
1416 1823 1569 1926 Aaron]
1596 1827 1765 1903 Narratio
1774 1834 1832 1932 ¹⁵).
1915 1848 1998 1918 Peto
2019 1853 2087 1942 2⁸95.

1099 1916 1178 2020 tur]
1202 1922 1346 1996 Petitio.
1396 1931 1566 2018 Impedior
1582 1934 1800 2036 uerecundia]
1825 1940 2016 2023 Praecisio.

1198 2225 1476 2300 Narrationeula
1510 2244 1562 2302 est
1594 2235 1638 2304 de
1670 2237 1913 2316 familiaritate
1941 2249 2085 2328 Aviani.

1097 2325 1265 2421 Sequitur
1277 2327 1417 2421 petitio,
1432 2344 1473 2401 ut
1488 2333 1522 2401 ei
1537 2332 1669 2406 diutius
1684 2333 1942 2420 habitationem
1961 2377 2085 2428 conce·

1097 2432 1169 2500 dat.
1219 2430 1392 2501 Petitioni
1408 2433 1552 2504 additur
1566 2437 1761 2528 praecisio,
1785 2441 1877 2516 nihil
1899 2476 1972 2526 esse
1994 2481 2083 2549 opus
2128 2441 2129 2446 ἵ

1095 2531 1251 2624 longiori
1266 2533 1438 2626 petitione
1449 2534 1494 2631 l⁷)
1513 2537 1608 2631 apud
1625 2539 1733 2614 talem
1751 2546 1918 2625 amicum.

1196 2841 1493 2930 Commendatio,
1518 2847 1556 2917 in
1574 2873 1644 2942 qua
1667 2852 1778 2943 petit,
1805 2871 1845 2930 ut
1859 2862 2020 2945 Avienus
2043 2873 2080 2945 in

1094 2968 1159 3015 suo
1176 2947 1356 3018 conductu
1373 2947 1505 3019 diutius
1520 2951 1633 3041 possit
1645 2947 1820 3034 habitare.

1196 3241 1390 3342 Sequentes
1412 3248 1503 3318 duae
1528 3248 1698 3344 epistolae
1713 3259 1750 3330 2.
1773 3269 1808 3326 et
1826 3257 1861 3330 3.
1885 3261 2081 3336 admodum

268 3369 407 3444 Aliud
435 3399 483 3446 ar
522 3375 813 3473 umentum¹²)
1093 3345 1219 3420 breves
1251 3348 1404 3442 simplici
1438 3354 1748 3428 commendatione
1790 3383 1831 3431 ac
1869 3365 2080 3459 repetitione

491 3401 512 3468 g
816 3425 826 3447 ⁰
1096 3461 1270 3522 coustant.
1321 3447 1362 3520 In
1378 3449 1495 3544 prim
1513 3468 1637 3548 rogat,
1663 3470 1704 3529 ut
1714 3460 1856 3532 Avieno
1880 3463 1923 3533 de
1942 3461 2082 3540 habita·

1094 3553 1191 3622 tione
1209 3556 1471 3636 accommodet;
1502 3555 1542 3626 in
1565 3558 1696 3642 altera,
1729 3574 1769 3631 ut
1783 3563 1916 3634 Aulum
1931 3567 2079 3644 Fusium

1094 3649 1348 3740 humanissime
1366 3667 1504 3728 tractet.
1554 3656 1697 3729 Habent
1712 3677 1831 3734 autem
1851 3667 1976 3738 autbae
2000 3674 2079 3742 bre-

1095 3781 1173 3827 vem
1190 3754 1435 3826 narrationem
1451 3770 1486 3826 et
1499 3759 1724 3849 petitionem.

158 3502 223 3576 Est
253 3508 422 3599 petitoria
451 3511 622 3602 epistola,
664 3510 771 3603 longe
799 3511 931 3605 scripta
960 3524 1042 3582 ante

56 3605 188 3676 bellum
206 3607 321 3682 civile.
372 3612 489 3685 Porro
507 3611 565 3684 hic
578 3613 770 3686 Memmius
786 3617 1043 3686 condemnatus

56 3721 135 3776 erat
153 3709 190 3776 in
205 3713 311 3781 tertio
327 3715 512 3784 consulatu
527 3715 693 3806 Pompeii
708 3728 857 3806 propter
874 3727 1041 3805 corrupta

53 3805 207 3894 iudicia,
230 3817 329 3908 quod
346 3815 479 3888 crimen
495 3812 738 3914 danaopteu)
756 3830 896 3888 vocant.
948 3815 1042 3884 Male

54 3925 177 3980 autem
201 3916 245 3985 ab
271 3915 429 4007 Appiani
449 3917 643 4011 interprete
670 3918 871 4010 decuplatio
891 3929 943 3987 est
964 3941 1043 3986 ver-

51 4011 227 4112 sum¹⁸⁸).
278 4016 375 4088 Petit
391 4032 510 4091 autem
527 4019 565 4088 in
581 4017 649 4092 hac
667 4019 835 4111 epistola,
868 4032 909 4089 ut
926 4019 1042 4088 amico

50 4119 229 4188 concedat
241 4119 434 4210 parietinas
446 4121 605 4216 Epicuri.
655 4119 713 4191 Sic
726 4134 844 4192 autem
861 4122 1042 4214 appellan—
1197 4105 1274 4201 §.L
1300 4113 1426 4184 Autem
1435 4111 1647 4232 Mummi]
1661 4116 1933 4218 proposition).
1989 4131 2097 4199 Tua-⁸

50 4228 112 4285 tur
129 4233 267 4290 veteres
282 4222 459 4314 parietum
473 4225 599 4296 ruinae
615 4224 690 4296 sine
705 4236 811 4296 tecto.
845 4223 1042 4294 Exordium
1094 4212 1398 4310 permiserat),
1425 4211 1510 4312 eit]
1528 4215 1658 4287 Ram·
1772 4305 1776 4318 ,
1828 4259 1832 4268 ·

50 4313 163 4391 habet
188 4335 332 4394 votum:
373 4325 522 4395 Utinam
546 4327 714 4398 vidissem
743 4339 789 4398 te.
854 4323 895 4394 ld
924 4339 1042 4396 autem

51 4424 251 4514 amplificat
270 4427 510 4514 dubitatione,
542 4430 641 4500 cuius
664 4425 751 4499 haec
774 4441 828 4500 est
849 4427 1042 4498 sententia:
1130 4449 1177 4508 te)
1195 4445 1378 4500 Maternum·
1401 4443 1574 4509 erroneum
1594 4445 1736 4498 unacum
1756 4445 1965 4516 rtet-rtet„
1993 4453 2078 4522 tort,

52 4521 217 4598 Omnino
234 4528 360 4599 vellem
377 4555 434 4600 me
448 4527 599 4602 Athenis
613 4543 648 4601 te
664 4531 803 4603 vidisse.
854 4529 932 4602 Etsi
948 4530 1043 4600 enim
1164 4513 1664 4646 ἒῇὶέῗᾶὲᾪζζξωψ
1684 4515 1765 4566 '⁰¹¹¹'
1782 4517 1847 4569 mm
1864 4520 1937 4573 ω·
1956 4523 2080 4586 epistota

53 4625 232 4700 incertum
251 4631 318 4715 sit,
343 4632 468 4724 plusne
483 4633 617 4704 doloris
632 4657 679 4702 an
692 4632 847 4703 laetitiae
863 4645 944 4703 tuus
961 4656 1044 4702 con·
1130 4671 1177 4730 ¹5)
1196 4669 1272 4720 um
1288 4670 1355 4718 non
1367 4669 1397 4717 ,ι
1410 4666 1480 4719 ,m
1493 4671 1640 4732 sequentes
1653 4668 1682 4722 ln
1694 4667 1780 4724 mm·
1796 4669 1883 4741 M,
1901 4675 1988 4743 'm’
2008 4679 2081 4732 m

54 4744 194 4820 ⁵Pectus
228 4733 400 4806 allaturus
427 4735 551 4821 fuerit,
591 4737 689 4832 quod
711 4747 746 4806 et
768 4735 873 4805 doleo
895 4737 938 4804 de
962 4759 1044 4806 casu
1164 4739 1272 4788 assunt.

1283 3951 1473 4030 Scholia
1500 3960 1546 4032 in
1572 3961 1811 4056 epistolam
1838 3965 1897 4044 Ill.

1131 4823 1177 4882 tt)
1196 4823 1254 4872 ttoc
1271 4821 1461 4883 argumentum
1478 4823 1506 4873 et
1524 4822 1575 4874 duo
1594 4823 1741 4890 sequeutia
1757 4823 1787 4876 in
1803 4826 1889 4881 rute.
1908 4829 1994 4898 tota,
2014 4833 2081 4886 rste
2162 4859 2170 4868 -

1162 4887 1282 4941 -1596,
1302 4889 1422 4939 exstant.

87 4983 138 5042 ιι)
157 4979 309 5042 anemae]
326 4979 368 5032 ue
384 4983 461 5034 recto
478 4980 563 5035 rus.
582 4980 668 5046 asse,
687 4981 774 5047 rasa,
794 4982 886 5050 asem
904 4983 954 5034 ua.
968 4983 1043 5036 raet.
1132 4973 1409 5040 superationem.
1429 4975 1505 5032 ¹5⁹⁶.
1523 4985 1621 5026 errore
1638 4978 1766 5042 terere-2
1791 4981 1925 5044 petitioni.

125 5050 265 5101 dicuntur.
1131 5063 1179 5122 ta)
1193 5061 1331 5122 Furtum]
1349 5057 1390 5111 ste
1409 5059 1475 5110 ittae
1492 5061 1581 5128 rorte,
1594 5064 1622 5111 et
1638 5061 1693 5128 αις
1718 5065 1769 5119 ut.
1790 5065 1876 5119 orell.
1894 5067 2020 5133 Fufium.

91 5135 141 5196 ¹²)
158 5136 220 5186 noe
236 5137 427 5198 πωπω·
443 5137 544 5186 aaran
560 5133 644 5186 rare.
663 5133 858 5189 titt-¹⁵⁹⁶·
1130 5148 1178 5206 re)
1196 5148 1270 5197 uasa
1286 5150 1353 5198 noa
1371 5147 1400 5196 at
1419 5158 1539 5210 sequen·
1557 5145 1586 5197 u
1602 5147 1687 5200 eutr.
1703 5151 1798 5216 raas„
1818 5153 1909 5215 racc,
1930 5153 2005 5204 rasa.
2029 5157 2078 5206 aa·

91 5220 140 5286 tt)
159 5217 240 5270 cont.
258 5219 287 5271 J.
304 5219 416 5271 Pottere
441 5219 550 5273 Grteet.
569 5221 697 5274 neunt.
715 5221 805 5274 ubero.
823 5233 849 5273 v.
871 5223 897 5274 J.
915 5223 943 5273 J.
960 5223 1046 5276 Bem-
1164 5217 1238 5267 ΝΜ·

128 5289 206 5339 tract.
228 5286 258 5337 P.
271 5287 292 5341 l.
309 5301 336 5351 p.
348 5287 408 5342 ast
1129 5301 1179 5360 2⁰)
1197 5299 1252 5351 Pro
1269 5298 1312 5350 bis
1331 5298 1387 5352 (tic.
1404 5299 1497 5351 vertis
1515 5300 1542 5350 tn
1554 5300 1639 5354 notet.
1656 5301 1742 5366 lbet,
1761 5303 1836 5355 tttt.
1855 5303 1915 5354 tute
1933 5305 2014 5359 nome
2029 5312 2082 5362 ed-

97 5371 164 5440 ttt)
182 5369 297 5436 upptm.
312 5371 460 5432 neu.,ctv.
478 5371 512 5436 11,
529 5371 573 5424 tt.
1167 5369 1273 5434 scripte
1289 5370 1355 5422 suut
1372 5368 1528 5436 ”quantes
1553 5371 1622 5423 Tem
1638 5373 1767 5436 motum.
1872 5425 1880 5436 ,

1427 5437 1519 5512 29*
