4582 5798
32 215 123 304 Μ
274 211 368 290 XLI.
416 205 817 289 montumano
839 201 1087 284 isilfflssiffil
1110 205 1317 286 BNCQMD
1336 207 1389 286 ut
1413 208 1800 289 ffluosuuultuu.
1956 213 2058 288 toto

26 403 82 470 tut
95 384 232 464 animtc
244 395 364 480 saue.
412 357 596 460 Dencficia
613 397 706 458 vesu
715 381 880 457 Deorum
900 389 1010 452 mmo
1032 447 1033 454 ,
1061 382 1217 475 gendum
1228 385 1247 468 ,³
1265 395 1395 456 etcum
1409 383 1549 478 pictore
1565 383 1838 480 srpouulsrst„
1853 383 1941 480 qula
1956 385 2057 458 aliud
2113 431 2120 444 ι

26 489 202 588 complecti
214 491 470 584 semetpocsst.
519 487 647 586 ltaque
665 479 1012 584 neqoeDernostbs·
1059 497 1186 578 pactus
1206 499 1320 572 essct,
1361 484 1503 562 exbibet
1525 490 1643 583 pictor
1666 489 1828 561 Mam
1850 502 1986 580 puero,
2018 485 2073 558 et
2134 547 2137 552 .
2282 521 2283 526 =

27 617 196 688 nuaegrc
208 593 318 680 leret,
343 593 380 666 si
398 595 550 666 virtum
571 591 650 666 eins
672 615 753 662 non
769 582 1012 682 ,compreiun
1062 588 1162 661 iubet
1182 588 1382 676 invertere,
1421 616 1465 663 ac
1484 593 1663 686 picturam
1683 593 1737 662 illi
1758 589 1964 666 ostendere:
2004 591 2058 662 ita

26 699 112 774 derio
126 698 391 770 annotatione.
438 695 533 772 Nam
546 693 741 792 πείρεθ’)
756 692 905 790 quidem
926 711 1011 764 suus
1061 690 1252 766 videbatur
1266 719 1379 790 equus
1399 695 1562 789 intergo
1585 697 1722 782 iacere,
1752 719 1859 792 seque
1880 694 2058 770 volutare.

25 804 138 877 laudes
174 823 300 874 ornnes
341 821 417 872 uua
457 800 623 872 oratione
655 797 848 892 complecti
878 803 1011 890 posset.
1062 798 1149 868 Iaso.
1173 794 1335 884 Festive,
1360 799 1529 894 inquam
1550 825 1688 874 oerum
1711 813 1818 893 putas
1839 824 1898 871 me
1919 809 1975 870 tot
1992 821 2059 870 an·

25 911 103 980 nee.
125 903 222 976 lincc
233 902 413 976 dicentem
429 898 697 997 Thersagorarn
715 895 1011 995 interpellffl).
1062 899 1119 970 nis
1132 923 1209 970 uon
1223 924 1331 995 saepe
1346 915 1515 974 conatum
1536 927 1631 990 esse,
1664 912 1706 975 ut
1730 901 1921 979 materiam
1942 911 2059 974 verte-

25 1013 71 1083 cc
82 1021 190 1102 puto,
220 1007 392 1104 inquam,
414 1001 505 1079 haec
519 1021 556 1080 te
571 1027 743 1091 namuro,
775 1016 817 1075 ut
840 1003 1011 1098 eloquen-
1062 1000 1167 1072 rem?
1213 1003 1294 1096 Ego
1311 1029 1399 1075 vero
1415 1005 1647 1077 multifariam
1662 1007 1756 1078 verti
1776 1031 1818 1078 ac
1838 1004 1992 1091 reverti,
2023 1017 2062 1076 et

25 1112 104 1184 tiam
119 1123 219 1182 tuam
236 1112 336 1204 apud
349 1135 407 1182 me
430 1123 607 1196 ostentes,
637 1133 721 1182 cnm
738 1107 845 1178 initio
868 1115 1010 1176 tanturn
1063 1126 1204 1192 vercor,
1225 1130 1271 1179 ne
1288 1104 1381 1178 mihi
1394 1110 1441 1179 ad
1456 1121 1655 1180 extremum
1671 1110 1810 1182 accidat
1825 1110 1935 1194 idem,
1960 1109 2062 1205 quod

25 1211 170 1286 volueris
183 1213 380 1300 meare,
393 1227 553 1311 quantus
567 1225 674 1307 poete
689 1211 755 1292 ἐκ
778 1233 877 1282 nune
893 1218 1012 1280 osten·
1061 1209 1210 1283 Proteo.
1271 1215 1391 1286 lbera.
1424 1211 1645 1306 Quidnam?
1667 1213 1720 1284 ait
1742 1213 1814 1286 ille.
1872 1217 1959 1286 Luc.
1992 1211 2061 1282 llic

25 1318 74 1390 dis
96 1318 223 1400 etiam,
261 1329 444 1413 quautam⁴
466 1317 508 1388 in
537 1319 664 1390 soluta·
686 1313 860 1386 oratione
878 1308 1032 1382 valeas
1060 1313 1177 1384 lerum
1200 1315 1422 1408 consumptis
1445 1315 1615 1389 omuibus
1636 1316 1782 1404 formis,
1814 1339 1903 1412 quas
1922 1317 2062 1389 solebat

24 1423 138 1496 lton.
170 1419 268 1493 Tem
289 1420 368 1492 ille:
400 1420 531 1508 Volui,
561 1419 699 1517 inquit,
730 1414 802 1488 boc
823 1433 1013 1508 eoguntur
1060 1415 1237 1502 inducre,
1276 1417 1443 1490 videlicet
1467 1419 1685 1504 bestiarum,
1725 1418 1953 1512 plantarum,
1991 1419 2063 1490 elo-

23 1535 93 1596 tum
107 1545 337 1617 percurrere,
361 1548 445 1597 cum
458 1527 619 1598 uiderem
636 1535 681 1614 ¹te
698 1520 1014 1614 segniorcmcssc,
1063 1529 1314 1607 mentorum,
1345 1544 1468 1594 rursus
1499 1524 1652 1616 penuria
1681 1522 1893 1616 peregrinae
1923 1525 2063 1593 formae
2159 1573 2162 1582 ,

23 1626 50 1698 si
63 1639 180 1698 tamen
194 1651 280 1702 cura
296 1627 483 1722 paulisper
509 1625 907 1699 remissaaudiresme
927 1641 1014 1713 poe·
1065 1622 1218 1696 Proteus
1237 1625 1363 1698 lactus.
1428 1627 1549 1700 lbera.
1587 1626 1667 1710 Tu,
1697 1626 1818 1721 iuquit
1836 1626 1917 1710 ille,
1947 1626 2064 1719 magis

23 1753 77 1800 ma
91 1755 211 1802 meum
228 1731 451 1804 recitantem.
511 1735 597 1806 Lete.
629 1729 708 1822 Ego
731 1751 819 1800 vero
841 1721 1015 1817 respondi
1061 1725 1185 1798 uarias
1198 1729 1334 1799 lormas
1349 1728 1528 1820 excogitas
1543 1753 1653 1824 quam
1661 1727 1835 1814 Proteus,
1859 1742 1901 1802 ut
1915 1728 2065 1824 effugias

24 1831 120 1908 illum·
145 1855 222 1906 non
251 1836 369 1906 iacere
394 1833 727 1929 operaepretium,
761 1854 803 1902 ac
823 1828 927 1913 vide,
957 1825 1015 1895 in·
1065 1853 1187 1901 meam
1210 1830 1473 1904 recitationem.
1535 1835 1620 1906 Loco.
1653 1829 1732 1924 Ego
1757 1855 1862 1918 vero,
1901 1833 2065 1930 inquam,

25 1959 144 2030 quam,
166 1962 216 2009 ne
229 1939 347 2031 magis
362 1938 471 2011 etiam
491 1938 741 2032 perturbatum
762 1958 821 2005 me
840 1930 1015 2003 dimittas.
1066 1934 1220 2005 lebenter
1239 1935 1420 2028 praebebo
1442 1958 1501 2004 me
1525 1935 1749 2020 auditorem,
1782 1947 1818 2007 ct
1839 1934 1982 2007 eiiciam
2004 1961 2065 2010 cu-

26 2041 138 2114 ltere
163 2041 263 2113 Tum
277 2041 357 2113 ille:
385 2039 726 2114 Facilem-edium
751 2037 840 2122 erit,
870 2035 1015 2107 sinon·
1066 2047 1157 2111 raru.
1171 2039 1432 2132 excogitandae·
1447 2038 1623 2116 orationis
1646 2063 1690 2111 ex
1720 2039 1856 2112 animo.
1923 2039 2065 2114 Forsan

24 2142 103 2217 dum
120 2144 230 2216 ffiam
251 2145 318 2216 tibi
340 2145 559 2218 satisfactum
582 2156 647 2219 est.
704 2145 791 2216 Lete.
822 2141 872 2212 Ac
889 2135 1016 2220 nemu,
1068 2142 1167 2213 enim
1180 2166 1263 2214 cum
1280 2142 1373 2214 lecto
1387 2155 1554 2237 poemate
1570 2141 1712 2215 desines
1725 2154 1870 2235 partum
1887 2155 1990 2216 tuum
2005 2167 2067 2216 cn-

23 2243 184 2340 iuquam,
210 2271 379 2348 quaeres
391 2273 451 2322 me
465 2261 599 2342 angat.
637 2245 779 2318 Deinde
792 2255 835 2316 ut
855 2240 1016 2312 medicus
1067 2269 1170 2332 rare,
1195 2271 1415 2343 unoquoque
1430 2245 1693 2339 parturientem
1709 2244 1909 2320 adiuvetis.
1940 2243 2068 2344 ltaque
2106 2239 2109 2244 ’

22 2347 187 2438 ignoraus
201 2351 324 2424 morbi
335 2375 469 2445 genum
493 2349 613 2424 aliena
634 2347 796 2422 remedia
818 2341 1017 2418 adhibebis.
1069 2373 1152 2422 cnm
1167 2349 1453 2448 pervicissemw)
1466 2350 1632 2434 tandem,
1658 2348 1816 2422 sedimus
1836 2349 1875 2420 in
1898 2351 2067 2444 proximo

23 2448 77 2521 Tu
89 2455 185 2526 enim
199 2455 387 2528 instituisti
400 2480 460 2527 me
473 2457 600 2528 iuvare
614 2467 789 2550 tunquam
806 2451 936 2522 tudem
953 2444 1018 2516 ali·
1068 2477 1167 2527 saxo,
1202 2452 1270 2524 Hic
1286 2477 1353 2546 ego
1373 2454 1482 2525 audio
1497 2453 1710 2525 recitantem
1725 2452 1907 2545 egregium
1923 2475 2069 2547 poem,

25 2579 146 2647 qucum
172 2571 210 2630 et
224 2583 323 2632 nunc
338 2560 499 2653 primum
524 2554 681 2630 adhaec
704 2555 824 2629 studia
848 2553 1018 2624 acceden-
1068 2555 1225 2630 Atiutcr
1246 2557 1438 2649 legendum
1462 2569 1611 2652 repente
1632 2557 1731 2630 volut
1752 2557 1875 2629 furore
1899 2557 2070 2651 percitus,

25 2667 110 2744 tem,
150 2686 278 2735 verum
305 2659 395 2736 haec
424 2661 517 2735 mibi
546 2663 621 2734 iam
650 2661 739 2732 olim
768 2656 900 2731 detrita
922 2664 1018 2728 sunt.
1070 2661 1193 2733 clamo
1220 2659 1335 2732 libro:
1379 2659 1509 2747 Aufer,
1550 2659 1689 2756 inquit,
1726 2662 1928 2733 mercedem
1961 2657 2070 2734 buius

23 2757 176 2836 Proinde
205 2769 367 2840 remedia
398 2779 462 2842 tcta
484 2761 578 2838 nibil
599 2767 646 2838 ad
666 2787 786 2836 meam
808 2755 1018 2834 sollicitudi·
1070 2763 1374 2850 auscultationis,¹
1400 2766 1499 2843 tricut
1529 2761 1681 2838 Athenis
1716 2765 1900 2857 sportulae
1933 2765 2072 2838 daban·

23 2885 101 2936 uem
118 2869 268 2942 induant.
322 2875 443 2946 ibere.
469 2869 521 2941 At
538 2867 627 2956 boc,
652 2867 792 2965 inquit,
817 2861 1018 2938 remedium
1069 2881 1131 2940 tur
1153 2868 1193 2938 iu
1212 2869 1447 2944 concionibus
1469 2891 1511 2938 ac
1532 2867 1686 2943 iudiciis.
1753 2868 1825 2941 Sed
1851 2868 1933 2941 vide
1959 2869 2071 2938 ctiam

24 2967 141 3043 luerit:
172 2973 278 3044 Trita
300 2974 561 3048 via-tutissima
577 2985 642 3046 cst.
699 2967 786 3046 me.
812 2963 906 3039 Mihi
929 2987 1017 3036 vcro
1071 2986 1181 3068 atque
1203 2973 1334 3059 etiarn,
1363 2987 1403 3045 ut
1425 2970 1581 3067 gratiam
1611 2969 1703 3044 mihi
1725 2968 1872 3045 habeas.
1930 2969 2071 3066 Egone,

24 3070 213 3162 diversum,
234 3077 399 3172 inquam,
423 3079 600 3170 placebat.
650 3074 764 3147 Aiunt
779 3070 1019 3167 Cyrenaicum
1071 3075 1245 3172 inquam,
1284 3076 1439 3170 gratiam
1471 3070 1654 3164 habeam:
1695 3101 1778 3150 cum
1815 3077 1980 3151 nondum
2014 3075 2071 3154 itt·

25 3181 203 3268 quendam
239 3176 499 3274 philosophum
540 3203 578 3253 se
618 3179 843 3271 aurigantem
873 3171 1021 3245 Platoni
1071 3179 1253 3272 redigam,
1287 3181 1376 3277 quid
1407 3179 1531 3254 dicas?
1579 3181 1715 3254 Verum
1747 3185 1930 3280 quidest,
1972 3189 2073 3288 quod

25 3291 215 3356 ostentasse
236 3298 321 3356 ante
338 3282 597 3377 Academiam,
627 3284 727 3378 quod
748 3281 790 3350 iu
813 3279 939 3352 eadem
961 3301 1021 3348 or·
1070 3280 1279 3378 promittis?
1315 3286 1437 3359 Πᾶνα.
1497 3281 1612 3357 lucidi
1635 3284 1705 3385 ⁸¹),
1745 3288 1797 3359 ait
1817 3287 1898 3376 ille,
1934 3289 1978 3360 iu
2002 3293 2072 3364 do-

23 3377 94 3453 bilfl
115 3387 270 3459 subinde
291 3390 441 3461 dumet
462 3399 499 3458 et
519 3389 707 3460 reduceret
727 3407 894 3469 mmm,
927 3376 1021 3452 nibil
1070 3387 1238 3460 mesticos
1256 3385 1537 3461 commentarios
1551 3414 1678 3484 regum
1695 3389 1950 3480 Macedoniae,
1977 3418 2071 3491 quae

25 3483 212 3577 deerrans,
236 3492 441 3584 utvestigia
456 3503 598 3576 tautum
616 3489 726 3562 unius
750 3486 918 3582 perpetui
939 3507 1020 3556 cur-
1071 3515 1130 3564 res
1162 3491 1409 3564 incredibilem
1442 3487 1534 3564 mihi
1567 3493 1742 3564 laetitiam
1777 3497 1915 3568 attulit:
1958 3523 2071 3593 quare

23 3609 79 3662 tus
98 3593 321 3670 viderentur.
378 3594 459 3687 Ego
477 3607 603 3666 contra
630 3595 759 3664 studeo
776 3589 899 3662 tritam
921 3587 1019 3657 viam
1071 3596 1205 3666 librum
1222 3596 1325 3666 illum
1340 3619 1417 3667 non
1430 3595 1509 3667 sine
1530 3619 1664 3688 magno
1688 3596 1835 3688 negotio
1856 3595 1948 3670 mihi
1971 3623 2071 3673 eom.

23 3691 117 3792 Μ)
145 3711 268 3770 vetera
298 3697 449 3790 vestigm
479 3691 649 3790 effugere.
712 3693 850 3764 Verum
876 3689 1021 3761 difficile
1071 3697 1218 3790 paravi,
1244 3693 1351 3769 huius
1375 3693 1466 3768 mihi
1491 3699 1565 3768 iam
1580 3697 1733 3770 venitin
1750 3713 1920 3776 mentem.
1973 3703 2070 3776 Gou-

23 3805 86 3879 ctt,
109 3822 246 3872 novam
261 3803 360 3872 viam
374 3800 498 3872 relicta
515 3799 630 3871 veteri
644 3796 858 3889 excogitare.
898 3795 1020 3866 utera
1072 3800 1164 3870 tinet
1184 3812 1306 3871 autem
1334 3823 1416 3870 cum
1446 3801 1626 3897 reliquam
1650 3801 1862 3876 interiorem
1883 3804 2071 3901 Antipatri

7 3895 79 3966 'Ad
92 3897 436 3999 haechemagoras
449 3905 517 3974 ait:
540 3903 664 3976 Placet
676 3894 1020 3992 igteufflamoniefl)
1072 3903 1206 3988 vitam,
1241 3914 1320 3975 tum
1363 3905 1471 3976 etiam
1509 3909 1693 4001 quaedam
1732 3907 1777 3979 dc
1791 3961 1799 3972 .
1812 3907 2070 3999 Demosthene,
2210 3931 2215 3938 ·

24 4005 226 4082 consilium.
292 4013 379 4082 lare.
416 4007 547 4102 Quod,
578 4003 759 4100 inquam?
810 4001 896 4074 Non
921 3998 1019 4070 enim
1069 4029 1164 4102 quae
1179 4008 1308 4102 cupide
1322 4007 1478 4083 lecturus
1493 4008 1638 4085 videris.
1678 4014 1763 4087 noe.
1785 4010 1863 4109 Ego
1879 4041 1965 4088 vero
1983 4017 2071 4103 iam,

25 4106 157 4184 aUdivi.
212 4106 919 4202 neretumssm21³emntquenoam
937 4125 1019 4174 cum
1071 4109 1244 4206 inquam,
1270 4113 1389 4183 resero
1403 4113 1558 4206 gratiam
1571 4138 1640 4206 pro
1660 4118 1867 4209 evangelio,
1892 4120 1988 4192 dabo
2002 4120 2071 4193 tibi

23 4199 188 4288 Pausone
202 4214 251 4314 ⁸⁷)
275 4229 421 4309 pactum
446 4239 542 4300 esse,
572 4226 615 4285 ut
637 4235 772 4308 equum
793 4204 1020 4306 pingcrct³)
1072 4236 1222 4306 operam
1238 4216 1398 4312 reliquos
1415 4231 1537 4290 versus
1550 4218 1729 4305 recitanti,
1741 4245 1859 4318 neque
1875 4222 2070 4314 dimittam,

25 4312 246 4392 volutantem
269 4343 327 4405 se,
367 4317 434 4391 iste
458 4327 661 4390 currentem
684 4313 823 4407 pinxit,
864 4322 901 4381 et
923 4309 1019 4380 circa
1071 4321 1187 4389 donec
1207 4319 1426 4412 promissum
1450 4319 1684 4415 praestiteris.
1741 4321 1837 4398 Nam
1857 4339 1900 4399 ut
1916 4325 2070 4401 Homeri

24 4429 155 4508 tquum
169 4422 404 4496 exuscitatum
419 4423 618 4515 pulverem.
678 4419 842 4513 Cumque
864 4415 1022 4488 adstaret
1072 4421 1238 4494 encomio
1260 4422 1449 4516 magnifice
1473 4425 1757 4513 medelcctasti,
1793 4428 1842 4499 ita
1876 4432 2069 4510 delectabis

26 4525 120 4607 apud
140 4528 350 4622 pingentem
374 4525 455 4610 illc,
492 4523 556 4622 qui
575 4524 758 4595 locaverat
781 4541 915 4617 equum
938 4517 1021 4613 pin·
1070 4523 1293 4620 haudssdubie
1308 4538 1345 4597 ct
1361 4524 1615 4602 Demosthenis
1632 4528 1809 4605 encomio.
1868 4533 2070 4632 Postquam

27 4667 232 4698 -.-......
822 4659 825 4665 ·
1072 4629 1182 4723 igitur
1196 4629 1348 4722 perlegit
1363 4630 1522 4728 reliquos
1537 4643 1679 4719 ¹versus,
1705 4633 1889 4730 paulisper
1904 4639 1954 4712 ibi
1971 4666 2070 4714 com·

60 4771 107 4836 ³4)
126 4777 202 4844 qm]
219 4775 261 4829 ἐκ
278 4775 361 4830 ΕΜ
382 4771 477 4838 m,
497 4770 589 4836 lom
615 4771 665 4825 Eg·
687 4771 762 4824 roto.
780 4771 842 4837 {pet
1072 4733 1205 4838 morati
1225 4757 1370 4819 sumus,
1396 4736 1512 4807 donec
1526 4759 1594 4828 pro
1610 4751 1778 4829 poemate
1792 4740 1930 4817 debitas
1944 4745 2069 4820 laudes

59 4857 109 4922 aa)
126 4865 161 4916 n.
178 4863 198 4917 ι.
215 4863 247 4916 u
263 4859 449 4923 naturate,
467 4857 545 4913 rora.
564 4860 764 4925 neumega.
783 4856 909 4923 aleym:
926 4855 1019 4909 neer-
1071 4838 1318 4930 rependerem.
1358 4837 1499 4910 Deinde
1514 4837 1560 4910 ad
1577 4841 1681 4912 aedes
1698 4836 1947 4939 Thersagorac
1962 4847 2070 4937 imus,

93 4928 1021 5064 ruatau.:caccus..ausaautccaxto
1071 4937 1123 5010 ..1
1137 4939 1197 5010 vir
1212 4941 1360 5012 ...a
1375 4942 1675 5035 ...aalma
1705 4947 1769 5018 ...1
1782 4951 1919 5043 a...
1932 4963 2068 5038 ...a

95 5083 148 5133 quo
166 5074 195 5125 lu
211 5074 264 5125 too
281 5068 404 5122 encomio
422 5067 567 5118 scribendo
585 5080 655 5119 usus
671 5070 725 5121 est.
1071 5067 1178 5139 quem
1204 5065 1273 5135 ego
1298 5043 1476 5139 accipiens
1500 5047 1648 5118 domum
1671 5050 1782 5132 tedii;
1816 5065 1853 5124 ei
1868 5077 1948 5124 tum
1963 5054 2067 5148 legit*
2109 5094 2119 5114 κ
2230 5087 2237 5095 ·

63 5151 110 5212 cc)
128 5164 173 5224 ee]
191 5159 234 5214 ue
250 5159 300 5210 co.
318 5153 413 5220 rocas
436 5153 520 5208 urus.
541 5155 636 5222 roae,
661 5152 738 5206 rose
756 5155 808 5220 ee„
1077 5196 1277 5216 m

62 5235 501 5379 ”ioiff‘icniitiiffizniioiif
518 5229 1020 5370 winizoriisfiiiiiiiffiie
1104 5287 1153 5348 θ’)
1172 5283 1367 5352 peruetusta]
1384 5284 1436 5337 Ed·
1452 5285 1529 5342 ¹³⁴³.
1547 5296 1646 5338 errore
1666 5289 1795 5354 teroem
1819 5289 1997 5353 pomum.

97 5377 148 5432 boc
162 5381 270 5446 plotoce
287 5377 360 5431 conl.
372 5375 474 5440 ὲΒΙΙΙίςε
502 5375 622 5439 cttnlog.
639 5373 775 5425 srtlflcum
794 5387 819 5438 p.
835 5373 897 5428 ³28.
1106 5390 1156 5451 gp)
1174 5390 1245 5442 21,
1267 5389 1295 5440 ι,
1313 5388 1398 5440 parte,
1418 5387 1506 5454 pm,
1526 5387 1602 5442 om,
1625 5391 1692 5442 ηομ
1709 5389 1827 5459 „3312
1846 5393 1969 5460 noym:
1989 5401 2067 5454 pm

64 5457 110 5528 ³8)
128 5468 270 5535 pingeret]
287 5466 337 5518 Ed.
352 5461 429 5518 ιω.
447 5472 545 5513 errore
562 5461 691 5526 tympus
714 5459 853 5534 plogerer.
1143 5469 1295 5528 puuccue
1311 5457 1422 5512 huon
1439 5456 1641 5512 Demosthenis.

35 5535 211 5621 Meuanas.
233 5553 341 5620 (lara.
365 5547 452 5614 Vol..
475 5546 583 5612 xvu.
1014 5553 1018 5560 ·
1451 5527 1503 5600 64
