<?xml version="1.0" encoding="UTF-8"?>
<!DOCTYPE html PUBLIC "-//W3C//DTD XHTML 1.0 Transitional//EN"
    "http://www.w3.org/TR/xhtml1/DTD/xhtml1-transitional.dtd">
<html xmlns="http://www.w3.org/1999/xhtml" xml:lang="en" lang="en">
 <head>
  <title>
</title>
<meta http-equiv="Content-Type" content="text/html;charset=utf-8" />
  <meta name='ocr-system' content='tesseract 3.04.00' />
  <meta name='ocr-capabilities' content='ocr_page ocr_carea ocr_par ocr_line ocrx_word'/>
</head>
<body>
  <div class='ocr_page' id='page_1' title='image "./corpusreformato16melagoog_0566.png"; bbox 0 0 4676 5802; ppageno 0'>
   <div class='ocr_carea' id='block_1_1' title="bbox 31 159 2098 308">
    <p class='ocr_par' dir='ltr' id='par_1_1' title="bbox 31 159 2098 308">
     <span class='ocr_line' id='line_1_1' title="bbox 31 159 2098 308; baseline -0.001 -24"><span class='ocrx_word' id='word_1_1' title='bbox 31 201 128 284; x_wconf 80' lang='lat' dir='ltr'><strong>reu</strong></span> <span class='ocrx_word' id='word_1_2' title='bbox 294 159 401 280; x_wconf 75' lang='lat' dir='ltr'><strong>mn</strong></span> <span class='ocrx_word' id='word_1_3' title='bbox 453 197 856 278; x_wconf 78' lang='lat' dir='ltr'><strong>nrunronrsnu</strong></span> <span class='ocrx_word' id='word_1_4' title='bbox 877 195 1178 284; x_wconf 74' lang='lat' dir='ltr'><strong>omrrmtuu</strong></span> <span class='ocrx_word' id='word_1_5' title='bbox 1199 197 1269 278; x_wconf 80' lang='lat' dir='ltr'><strong>ux</strong></span> <span class='ocrx_word' id='word_1_6' title='bbox 1283 195 1588 278; x_wconf 72' lang='lat' dir='ltr'><strong>moronus</strong></span> <span class='ocrx_word' id='word_1_7' title='bbox 1612 201 1762 280; x_wconf 78' lang='lat' dir='ltr'><strong>cuno</strong></span> <span class='ocrx_word' id='word_1_8' title='bbox 1776 201 1839 283; x_wconf 80' lang='lat' dir='ltr'><strong>vt</strong></span> <span class='ocrx_word' id='word_1_9' title='bbox 1990 211 2098 308; x_wconf 66' lang='lat' dir='ltr'><strong>ssu</strong></span> 
     </span>
    </p>
   </div>
   <div class='ocr_carea' id='block_1_2' title="bbox 34 373 2103 1194">
    <p class='ocr_par' dir='ltr' id='par_1_2' title="bbox 34 373 2103 1194">
     <span class='ocr_line' id='line_1_2' title="bbox 34 373 2096 472; baseline 0.001 -20"><span class='ocrx_word' id='word_1_10' title='bbox 34 377 182 452; x_wconf 77' lang='lat' dir='ltr'><strong>estsine</strong></span> <span class='ocrx_word' id='word_1_11' title='bbox 198 377 385 472; x_wconf 58' lang='lat' dir='ltr'><strong>periculam</strong></span> <span class='ocrx_word' id='word_1_12' title='bbox 411 387 531 449; x_wconf 87' lang='lat' dir='ltr'><strong>autut</strong></span> <span class='ocrx_word' id='word_1_13' title='bbox 545 373 732 448; x_wconf 80' lang='lat' dir='ltr'><strong>uobiscum</strong></span> <span class='ocrx_word' id='word_1_14' title='bbox 756 373 933 448; x_wconf 65' lang='lat' dir='ltr'><strong>ducendo</strong></span> <span class='ocrx_word' id='word_1_15' title='bbox 951 373 1046 448; x_wconf 84' lang='lat' dir='ltr'><strong>eliu·</strong></span> <span class='ocrx_word' id='word_1_16' title='bbox 1095 373 1338 468; x_wconf 71' lang='lat' dir='ltr'><strong>snpicemtnt</strong></span> <span class='ocrx_word' id='word_1_17' title='bbox 1389 375 1572 449; x_wconf 84' lang='lat' dir='ltr'><strong>Usitaturu</strong></span> <span class='ocrx_word' id='word_1_18' title='bbox 1587 390 1641 450; x_wconf 87' lang='lat' dir='ltr'><strong>cst</strong></span> <span class='ocrx_word' id='word_1_19' title='bbox 1655 381 1776 451; x_wconf 80' lang='lat' dir='ltr'><strong>antem</strong></span> <span class='ocrx_word' id='word_1_20' title='bbox 1792 377 1919 452; x_wconf 89' lang='lat' dir='ltr'><strong>audire</strong></span> <span class='ocrx_word' id='word_1_21' title='bbox 1931 382 2018 452; x_wconf 83' lang='lat' dir='ltr'><strong>eum&#39;</strong></span> <span class='ocrx_word' id='word_1_22' title='bbox 2027 407 2096 455; x_wconf 78' lang='lat' dir='ltr'><strong>vo-</strong></span> 
     </span>
     <span class='ocr_line' id='line_1_3' title="bbox 35 477 2099 577; baseline 0.002 -24"><span class='ocrx_word' id='word_1_23' title='bbox 35 482 140 577; x_wconf 64' lang='lat' dir='ltr'><strong>giatis</strong></span> <span class='ocrx_word' id='word_1_24' title='bbox 151 480 394 566; x_wconf 59' lang='lat' dir='ltr'><strong>smuitutem</strong></span> <span class='ocrx_word' id='word_1_25' title='bbox 417 501 467 550; x_wconf 73' lang='lat' dir='ltr'><strong>ne</strong></span> <span class='ocrx_word' id='word_1_26' title='bbox 481 479 566 552; x_wconf 88' lang='lat' dir='ltr'><strong>illus</strong></span> <span class='ocrx_word' id='word_1_27' title='bbox 589 477 756 552; x_wconf 64' lang='lat' dir='ltr'><strong>dre-‘uos</strong></span> <span class='ocrx_word' id='word_1_28' title='bbox 778 478 932 572; x_wconf 83' lang='lat' dir='ltr'><strong>turpiter</strong></span> <span class='ocrx_word' id='word_1_29' title='bbox 953 477 1046 549; x_wconf 88' lang='lat' dir='ltr'><strong>acci-</strong></span> <span class='ocrx_word' id='word_1_30' title='bbox 1096 477 1233 570; x_wconf 85' lang='lat' dir='ltr'><strong>luptate</strong></span> <span class='ocrx_word' id='word_1_31' title='bbox 1247 490 1407 552; x_wconf 73' lang='lat' dir='ltr'><strong>suentes</strong></span> <span class='ocrx_word' id='word_1_32' title='bbox 1418 480 1663 574; x_wconf 82' lang='lat' dir='ltr'><strong>suspiciones,</strong></span> <span class='ocrx_word' id='word_1_33' title='bbox 1690 495 1864 557; x_wconf 85' lang='lat' dir='ltr'><strong>ettamen</strong></span> <span class='ocrx_word' id='word_1_34' title='bbox 1882 497 2005 576; x_wconf 86' lang='lat' dir='ltr'><strong>postea</strong></span> <span class='ocrx_word' id='word_1_35' title='bbox 2029 509 2099 558; x_wconf 76' lang='lat' dir='ltr'><strong>au·</strong></span> 
     </span>
     <span class='ocr_line' id='line_1_4' title="bbox 35 580 2103 680; baseline 0.003 -25"><span class='ocrx_word' id='word_1_36' title='bbox 35 585 166 680; x_wconf 89' lang='lat' dir='ltr'><strong>piatis,</strong></span> <span class='ocrx_word' id='word_1_37' title='bbox 209 597 249 655; x_wconf 90' lang='lat' dir='ltr'><strong>et</strong></span> <span class='ocrx_word' id='word_1_38' title='bbox 278 581 506 654; x_wconf 79' lang='lat' dir='ltr'><strong>inimicitiam</strong></span> <span class='ocrx_word' id='word_1_39' title='bbox 536 595 718 667; x_wconf 63' lang='lat' dir='ltr'><strong>nosuam,</strong></span> <span class='ocrx_word' id='word_1_40' title='bbox 757 604 849 678; x_wconf 87' lang='lat' dir='ltr'><strong>quae</strong></span> <span class='ocrx_word' id='word_1_41' title='bbox 879 605 956 652; x_wconf 83' lang='lat' dir='ltr'><strong>uun</strong></span> <span class='ocrx_word' id='word_1_42' title='bbox 976 581 1047 653; x_wconf 86' lang='lat' dir='ltr'><strong>erit</strong></span> <span class='ocrx_word' id='word_1_43' title='bbox 1097 580 1226 650; x_wconf 78' lang='lat' dir='ltr'><strong>telene</strong></span> <span class='ocrx_word' id='word_1_44' title='bbox 1248 581 1442 653; x_wconf 75' lang='lat' dir='ltr'><strong>utilitatuu</strong></span> <span class='ocrx_word' id='word_1_45' title='bbox 1463 585 1574 656; x_wconf 74' lang='lat' dir='ltr'><strong>falsae</strong></span> <span class='ocrx_word' id='word_1_46' title='bbox 1599 583 1862 674; x_wconf 64' lang='lat' dir='ltr'><strong>criminatione</strong></span> <span class='ocrx_word' id='word_1_47' title='bbox 1922 585 2103 662; x_wconf 73' lang='lat' dir='ltr'><strong>uses-us·</strong></span> 
     </span>
     <span class='ocr_line' id='line_1_5' title="bbox 36 684 2097 810; baseline 0.002 -50"><span class='ocrx_word' id='word_1_48' title='bbox 36 687 173 763; x_wconf 84' lang='lat' dir='ltr'><strong>brevis.</strong></span> <span class='ocrx_word' id='word_1_49' title='bbox 299 794 303 805; x_wconf 35' lang='grc' dir='ltr'>Ι</span> <span class='ocrx_word' id='word_1_50' title='bbox 398 729 403 742; x_wconf 87' lang='lat'><strong>·</strong></span> <span class='ocrx_word' id='word_1_51' title='bbox 1098 705 1164 754; x_wconf 62' lang='grc' dir='ltr'><strong>ΒΝ</strong></span> <span class='ocrx_word' id='word_1_52' title='bbox 1185 685 1313 754; x_wconf 57' lang='grc' dir='ltr'><strong>θείω</strong></span> <span class='ocrx_word' id='word_1_53' title='bbox 1330 684 1545 804; x_wconf 71' lang='lat' dir='ltr'><strong>imperium,</strong></span> <span class='ocrx_word' id='word_1_54' title='bbox 1584 686 1733 809; x_wconf 56' lang='lat' dir='ltr'><strong>quirin</strong></span> <span class='ocrx_word' id='word_1_55' title='bbox 1753 700 1856 810; x_wconf 75' lang='lat' dir='ltr'><strong>metu</strong></span> <span class='ocrx_word' id='word_1_56' title='bbox 1876 713 2022 810; x_wconf 73' lang='lat' dir='ltr'><strong>spanus,</strong></span> <span class='ocrx_word' id='word_1_57' title='bbox 2052 695 2097 765; x_wconf 66' lang='lat' dir='ltr'><strong>«d</strong></span> 
     </span>
     <span class='ocr_line' id='line_1_6' title="bbox 209 781 2097 989; baseline 0.008 -38"><span class='ocrx_word' id='word_1_58' title='bbox 209 951 234 964; x_wconf 79' lang='grc'><strong>,,</strong></span> <span class='ocrx_word' id='word_1_59' title='bbox 304 850 472 942; x_wconf 63' lang='lat' dir='ltr'><strong>Oreste</strong></span> <span class='ocrx_word' id='word_1_60' title='bbox 496 849 792 954; x_wconf 67' lang='lat' dir='ltr'><strong>Euphemi‘l·</strong></span> <span class='ocrx_word' id='word_1_61' title='bbox 869 953 872 960; x_wconf 82' lang='grc'><strong>,</strong></span> <span class='ocrx_word' id='word_1_62' title='bbox 1098 781 2097 989; x_wconf 50' lang='lat' dir='ltr'><strong>ffihial‘ll&#39;ffl‘ffiffllffiissss</strong></span> 
     </span>
     <span class='ocr_line' id='line_1_7' title="bbox 136 987 2097 1093; baseline -0.001 -19"><span class='ocrx_word' id='word_1_63' title='bbox 136 991 371 1074; x_wconf 68' lang='lat' dir='ltr'><strong>advenum</strong></span> <span class='ocrx_word' id='word_1_64' title='bbox 385 987 457 1070; x_wconf 78' lang='lat' dir='ltr'><strong>lette</strong></span> <span class='ocrx_word' id='word_1_65' title='bbox 472 1015 541 1086; x_wconf 83' lang='lat' dir='ltr'><strong>pro</strong></span> <span class='ocrx_word' id='word_1_66' title='bbox 560 991 796 1069; x_wconf 68' lang='lat' dir='ltr'><strong>renovatione</strong></span> <span class='ocrx_word' id='word_1_67' title='bbox 819 988 950 1066; x_wconf 85' lang='lat' dir='ltr'><strong>vetusti</strong></span> <span class='ocrx_word' id='word_1_68' title='bbox 969 989 1048 1065; x_wconf 80' lang='lat' dir='ltr'><strong>ioe-</strong></span> <span class='ocrx_word' id='word_1_69' title='bbox 1099 991 1162 1061; x_wconf 86' lang='lat' dir='ltr'><strong>scd</strong></span> <span class='ocrx_word' id='word_1_70' title='bbox 1176 991 1296 1083; x_wconf 70' lang='lat' dir='ltr'><strong>psum</strong></span> <span class='ocrx_word' id='word_1_71' title='bbox 1310 1003 1352 1062; x_wconf 91' lang='lat' dir='ltr'><strong>ut</strong></span> <span class='ocrx_word' id='word_1_72' title='bbox 1368 992 1608 1088; x_wconf 75' lang='lat' dir='ltr'><strong>impediamus</strong></span> <span class='ocrx_word' id='word_1_73' title='bbox 1623 1021 1704 1082; x_wconf 81' lang='lat' dir='ltr'><strong>eos,</strong></span> <span class='ocrx_word' id='word_1_74' title='bbox 1738 995 1802 1093; x_wconf 82' lang='lat' dir='ltr'><strong>qui</strong></span> <span class='ocrx_word' id='word_1_75' title='bbox 1823 1011 1970 1072; x_wconf 75' lang='lat' dir='ltr'><strong>acures</strong></span> <span class='ocrx_word' id='word_1_76' title='bbox 1989 999 2097 1072; x_wconf 81' lang='lat' dir='ltr'><strong>liber·</strong></span> 
     </span>
     <span class='ocr_line' id='line_1_8' title="bbox 35 1092 2100 1194; baseline 0.003 -24"><span class='ocrx_word' id='word_1_77' title='bbox 35 1098 146 1190; x_wconf 75' lang='lat' dir='ltr'><strong>dreis.</strong></span> <span class='ocrx_word' id='word_1_78' title='bbox 219 1095 314 1173; x_wconf 70' lang='lat' dir='ltr'><strong>um</strong></span> <span class='ocrx_word' id='word_1_79' title='bbox 342 1107 464 1176; x_wconf 75' lang='lat' dir='ltr'><strong>suum</strong></span> <span class='ocrx_word' id='word_1_80' title='bbox 488 1094 670 1190; x_wconf 80' lang='lat' dir='ltr'><strong>Syranrsii</strong></span> <span class='ocrx_word' id='word_1_81' title='bbox 695 1093 941 1186; x_wconf 62' lang='lat' dir='ltr'><strong>ancillaverint</strong></span> <span class='ocrx_word' id='word_1_82' title='bbox 967 1111 1049 1178; x_wconf 80' lang='lat' dir='ltr'><strong>noe,</strong></span> <span class='ocrx_word' id='word_1_83' title='bbox 1100 1092 1166 1162; x_wconf 86' lang='lat' dir='ltr'><strong>tati</strong></span> <span class='ocrx_word' id='word_1_84' title='bbox 1181 1093 1416 1180; x_wconf 79' lang='lat' dir='ltr'><strong>insidiantur,</strong></span> <span class='ocrx_word' id='word_1_85' title='bbox 1445 1098 1503 1168; x_wconf 84' lang='lat' dir='ltr'><strong>vel</strong></span> <span class='ocrx_word' id='word_1_86' title='bbox 1521 1097 1586 1194; x_wconf 85' lang='lat' dir='ltr'><strong>qui</strong></span> <span class='ocrx_word' id='word_1_87' title='bbox 1608 1100 1714 1172; x_wconf 79' lang='lat' dir='ltr'><strong>uobis</strong></span> <span class='ocrx_word' id='word_1_88' title='bbox 1733 1100 1980 1174; x_wconf 83' lang='lat' dir='ltr'><strong>formidabiles</strong></span> <span class='ocrx_word' id='word_1_89' title='bbox 2001 1117 2100 1177; x_wconf 70' lang='lat' dir='ltr'><strong>sunta</strong></span> 
     </span>
    </p>
   </div>
   <div class='ocr_carea' id='block_1_3' title="bbox 37 1194 2226 1302">
    <p class='ocr_par' dir='ltr' id='par_1_3' title="bbox 37 1194 2226 1302">
     <span class='ocr_line' id='line_1_9' title="bbox 37 1194 2226 1302; baseline -0.004 -26"><span class='ocrx_word' id='word_1_90' title='bbox 37 1221 185 1278; x_wconf 62' lang='lat' dir='ltr'><strong>rueme</strong></span> <span class='ocrx_word' id='word_1_91' title='bbox 203 1199 393 1278; x_wconf 76' lang='lat' dir='ltr'><strong>eetdicero</strong></span> <span class='ocrx_word' id='word_1_92' title='bbox 416 1201 610 1276; x_wconf 12' lang='lat' dir='ltr'><strong>decussus</strong></span> <span class='ocrx_word' id='word_1_93' title='bbox 630 1196 806 1291; x_wconf 82' lang='lat' dir='ltr'><strong>irnperio,</strong></span> <span class='ocrx_word' id='word_1_94' title='bbox 839 1198 938 1293; x_wconf 89' lang='lat' dir='ltr'><strong>qnod</strong></span> <span class='ocrx_word' id='word_1_95' title='bbox 958 1195 1049 1269; x_wconf 87' lang='lat' dir='ltr'><strong>illud</strong></span> <span class='ocrx_word' id='word_1_96' title='bbox 1099 1194 1217 1268; x_wconf 83' lang='lat' dir='ltr'><strong>Nemo</strong></span> <span class='ocrx_word' id='word_1_97' title='bbox 1229 1208 1351 1268; x_wconf 72' lang='lat' dir='ltr'><strong>auum</strong></span> <span class='ocrx_word' id='word_1_98' title='bbox 1365 1199 1564 1286; x_wconf 81' lang='lat' dir='ltr'><strong>existimet,</strong></span> <span class='ocrx_word' id='word_1_99' title='bbox 1586 1223 1663 1272; x_wconf 89' lang='lat' dir='ltr'><strong>non</strong></span> <span class='ocrx_word' id='word_1_100' title='bbox 1682 1203 1815 1274; x_wconf 72' lang='lat' dir='ltr'><strong>celem</strong></span> <span class='ocrx_word' id='word_1_101' title='bbox 1828 1216 1973 1292; x_wconf 85' lang='lat' dir='ltr'><strong>nostra,</strong></span> <span class='ocrx_word' id='word_1_102' title='bbox 1998 1207 2100 1302; x_wconf 79' lang='lat' dir='ltr'><strong>quod</strong></span> <span class='ocrx_word' id='word_1_103' title='bbox 2221 1259 2226 1268; x_wconf 81' lang='grc'>.</span> 
     </span>
    </p>
   </div>
   <div class='ocr_carea' id='block_1_4' title="bbox 1 1293 2204 4182">
    <p class='ocr_par' dir='ltr' id='par_1_4' title="bbox 1 1293 2204 4182">
     <span class='ocr_line' id='line_1_10' title="bbox 38 1293 2098 1401; baseline 0 -19"><span class='ocrx_word' id='word_1_104' title='bbox 38 1305 326 1382; x_wconf 68' lang='lat' dir='ltr'><strong>inessemus</strong></span> <span class='ocrx_word' id='word_1_105' title='bbox 350 1300 591 1394; x_wconf 70' lang='lat' dir='ltr'><strong>Praecipuum</strong></span> <span class='ocrx_word' id='word_1_106' title='bbox 603 1326 691 1375; x_wconf 73' lang='lat' dir='ltr'><strong>nero</strong></span> <span class='ocrx_word' id='word_1_107' title='bbox 702 1313 956 1392; x_wconf 72' lang='lat' dir='ltr'><strong>argumentum</strong></span> <span class='ocrx_word' id='word_1_108' title='bbox 971 1297 1049 1392; x_wconf 85' lang='lat' dir='ltr'><strong>ipse</strong></span> <span class='ocrx_word' id='word_1_109' title='bbox 1102 1321 1166 1370; x_wconf 87' lang='lat' dir='ltr'><strong>vos</strong></span> <span class='ocrx_word' id='word_1_110' title='bbox 1188 1293 1368 1372; x_wconf 76' lang='lat' dir='ltr'><strong>curamue.</strong></span> <span class='ocrx_word' id='word_1_111' title='bbox 1429 1301 1522 1374; x_wconf 83' lang='lat' dir='ltr'><strong>Nam</strong></span> <span class='ocrx_word' id='word_1_112' title='bbox 1545 1307 1663 1376; x_wconf 82' lang='lat' dir='ltr'><strong>donec</strong></span> <span class='ocrx_word' id='word_1_113' title='bbox 1687 1329 1751 1376; x_wconf 87' lang='lat' dir='ltr'><strong>vus</strong></span> <span class='ocrx_word' id='word_1_114' title='bbox 1772 1306 1902 1401; x_wconf 77' lang='lat' dir='ltr'><strong>integri</strong></span> <span class='ocrx_word' id='word_1_115' title='bbox 1919 1307 2025 1396; x_wconf 82' lang='lat' dir='ltr'><strong>estis,</strong></span> <span class='ocrx_word' id='word_1_116' title='bbox 2056 1323 2098 1382; x_wconf 86' lang='lat' dir='ltr'><strong>et</strong></span> 
     </span>
     <span class='ocr_line' id='line_1_11' title="bbox 38 1397 2098 1502; baseline 0.003 -25"><span class='ocrx_word' id='word_1_117' title='bbox 38 1409 153 1494; x_wconf 69' lang='lat' dir='ltr'><strong>dicit,</strong></span> <span class='ocrx_word' id='word_1_118' title='bbox 198 1399 304 1502; x_wconf 67' lang='lat' dir='ltr'><strong>quod</strong></span> <span class='ocrx_word' id='word_1_119' title='bbox 325 1402 430 1484; x_wconf 82' lang='lat' dir='ltr'><strong>lones</strong></span> <span class='ocrx_word' id='word_1_120' title='bbox 450 1429 593 1499; x_wconf 83' lang='lat' dir='ltr'><strong>semper</strong></span> <span class='ocrx_word' id='word_1_121' title='bbox 615 1405 690 1484; x_wconf 81' lang='lat' dir='ltr'><strong>slnt</strong></span> <span class='ocrx_word' id='word_1_122' title='bbox 708 1402 846 1476; x_wconf 84' lang='lat' dir='ltr'><strong>inimici</strong></span> <span class='ocrx_word' id='word_1_123' title='bbox 863 1397 1065 1477; x_wconf 76' lang='lat' dir='ltr'><strong>Dorienu-&#39;</strong></span> <span class='ocrx_word' id='word_1_124' title='bbox 1101 1399 1266 1472; x_wconf 69' lang='lat' dir='ltr'><strong>residere</strong></span> <span class='ocrx_word' id='word_1_125' title='bbox 1280 1402 1513 1496; x_wconf 71' lang='lat' dir='ltr'><strong>Syracusanis</strong></span> <span class='ocrx_word' id='word_1_126' title='bbox 1528 1409 1696 1500; x_wconf 78' lang='lat' dir='ltr'><strong>potestis,</strong></span> <span class='ocrx_word' id='word_1_127' title='bbox 1722 1409 1842 1484; x_wconf 84' lang='lat' dir='ltr'><strong>minus</strong></span> <span class='ocrx_word' id='word_1_128' title='bbox 1864 1411 2009 1483; x_wconf 82' lang='lat' dir='ltr'><strong>laedent</strong></span> <span class='ocrx_word' id='word_1_129' title='bbox 2027 1437 2098 1484; x_wconf 83' lang='lat' dir='ltr'><strong>nes</strong></span> 
     </span>
     <span class='ocr_line' id='line_1_12' title="bbox 38 1502 2101 1604; baseline 0.001 -17"><span class='ocrx_word' id='word_1_130' title='bbox 38 1513 119 1588; x_wconf 76' lang='lat' dir='ltr'><strong>bus.</strong></span> <span class='ocrx_word' id='word_1_131' title='bbox 174 1510 259 1598; x_wconf 64' lang='lat' dir='ltr'><strong>Res</strong></span> <span class='ocrx_word' id='word_1_132' title='bbox 276 1520 399 1585; x_wconf 76' lang='lat' dir='ltr'><strong>autern</strong></span> <span class='ocrx_word' id='word_1_133' title='bbox 418 1507 469 1580; x_wconf 87' lang='lat' dir='ltr'><strong>sic</strong></span> <span class='ocrx_word' id='word_1_134' title='bbox 493 1533 531 1582; x_wconf 91' lang='lat' dir='ltr'><strong>se</strong></span> <span class='ocrx_word' id='word_1_135' title='bbox 556 1504 677 1584; x_wconf 80' lang='lat' dir='ltr'><strong>habet.</strong></span> <span class='ocrx_word' id='word_1_136' title='bbox 734 1505 811 1582; x_wconf 84' lang='lat' dir='ltr'><strong>Nos</strong></span> <span class='ocrx_word' id='word_1_137' title='bbox 829 1503 954 1601; x_wconf 75' lang='lat' dir='ltr'><strong>iopes,</strong></span> <span class='ocrx_word' id='word_1_138' title='bbox 985 1502 1049 1599; x_wconf 84' lang='lat' dir='ltr'><strong>qui</strong></span> <span class='ocrx_word' id='word_1_139' title='bbox 1101 1503 1376 1596; x_wconf 82' lang='lat' dir='ltr'><strong>Peloponnesii,</strong></span> <span class='ocrx_word' id='word_1_140' title='bbox 1412 1509 1497 1603; x_wconf 85' lang='lat' dir='ltr'><strong>quie</strong></span> <span class='ocrx_word' id='word_1_141' title='bbox 1520 1509 1737 1604; x_wconf 86' lang='lat' dir='ltr'><strong>Syracusani</strong></span> <span class='ocrx_word' id='word_1_142' title='bbox 1762 1535 1841 1583; x_wconf 83' lang='lat' dir='ltr'><strong>nun</strong></span> <span class='ocrx_word' id='word_1_143' title='bbox 1872 1515 2017 1588; x_wconf 80' lang='lat' dir='ltr'><strong>mittent</strong></span> <span class='ocrx_word' id='word_1_144' title='bbox 2043 1516 2101 1590; x_wconf 80' lang='lat' dir='ltr'><strong>eis</strong></span> 
     </span>
     <span class='ocr_line' id='line_1_13' title="bbox 38 1606 2098 1716; baseline 0.005 -37"><span class='ocrx_word' id='word_1_145' title='bbox 38 1613 288 1692; x_wconf 67' lang='lat' dir='ltr'><strong>Dorfiamlhus</strong></span> <span class='ocrx_word' id='word_1_146' title='bbox 304 1629 430 1690; x_wconf 63' lang='lat' dir='ltr'><strong>sunus</strong></span> <span class='ocrx_word' id='word_1_147' title='bbox 444 1610 566 1696; x_wconf 79' lang='lat' dir='ltr'><strong>vicini,</strong></span> <span class='ocrx_word' id='word_1_148' title='bbox 591 1623 628 1687; x_wconf 82' lang='lat' dir='ltr'><strong>et</strong></span> <span class='ocrx_word' id='word_1_149' title='bbox 642 1609 706 1706; x_wconf 81' lang='lat' dir='ltr'><strong>qui</strong></span> <span class='ocrx_word' id='word_1_150' title='bbox 718 1633 871 1681; x_wconf 88' lang='lat' dir='ltr'><strong>numero</strong></span> <span class='ocrx_word' id='word_1_151' title='bbox 888 1632 956 1682; x_wconf 88' lang='lat' dir='ltr'><strong>nus</strong></span> <span class='ocrx_word' id='word_1_152' title='bbox 970 1607 1049 1678; x_wconf 76' lang='lat' dir='ltr'><strong>vin-</strong></span> <span class='ocrx_word' id='word_1_153' title='bbox 1102 1606 1247 1680; x_wconf 82' lang='lat' dir='ltr'><strong>auxilia.</strong></span> <span class='ocrx_word' id='word_1_154' title='bbox 1281 1608 1470 1682; x_wconf 84' lang='lat' dir='ltr'><strong>Pertiuent</strong></span> <span class='ocrx_word' id='word_1_155' title='bbox 1488 1611 1598 1704; x_wconf 72' lang='lat' dir='ltr'><strong>igitur</strong></span> <span class='ocrx_word' id='word_1_156' title='bbox 1613 1612 1660 1683; x_wconf 86' lang='lat' dir='ltr'><strong>ad</strong></span> <span class='ocrx_word' id='word_1_157' title='bbox 1677 1637 1745 1686; x_wconf 84' lang='lat' dir='ltr'><strong>noe</strong></span> <span class='ocrx_word' id='word_1_158' title='bbox 1760 1639 1818 1688; x_wconf 85' lang='lat' dir='ltr'><strong>res</strong></span> <span class='ocrx_word' id='word_1_159' title='bbox 1833 1630 1971 1690; x_wconf 80' lang='lat' dir='ltr'><strong>vestrae</strong></span> <span class='ocrx_word' id='word_1_160' title='bbox 1987 1643 2098 1716; x_wconf 85' lang='lat' dir='ltr'><strong>quam</strong></span> 
     </span>
     <span class='ocr_line' id='line_1_14' title="bbox 39 1709 2099 1812; baseline 0.007 -32"><span class='ocrx_word' id='word_1_161' title='bbox 39 1731 161 1802; x_wconf 55' lang='lat' dir='ltr'><strong>mut,</strong></span> <span class='ocrx_word' id='word_1_162' title='bbox 175 1714 431 1811; x_wconf 72' lang='lat' dir='ltr'><strong>pmsparimus</strong></span> <span class='ocrx_word' id='word_1_163' title='bbox 444 1716 568 1799; x_wconf 76' lang='lat' dir='ltr'><strong>notis,</strong></span> <span class='ocrx_word' id='word_1_164' title='bbox 593 1737 641 1786; x_wconf 89' lang='lat' dir='ltr'><strong>ne</strong></span> <span class='ocrx_word' id='word_1_165' title='bbox 654 1712 885 1790; x_wconf 69' lang='lat' dir='ltr'><strong>servitutem</strong></span> <span class='ocrx_word' id='word_1_166' title='bbox 900 1710 970 1786; x_wconf 85' lang='lat' dir='ltr'><strong>illis</strong></span> <span class='ocrx_word' id='word_1_167' title='bbox 985 1733 1050 1802; x_wconf 88' lang='lat' dir='ltr'><strong>up-</strong></span> <span class='ocrx_word' id='word_1_168' title='bbox 1101 1709 1311 1802; x_wconf 85' lang='lat' dir='ltr'><strong>plurimum.</strong></span> <span class='ocrx_word' id='word_1_169' title='bbox 1363 1709 1448 1784; x_wconf 91' lang='lat' dir='ltr'><strong>ldeu</strong></span> <span class='ocrx_word' id='word_1_170' title='bbox 1464 1715 1648 1808; x_wconf 72' lang='lat' dir='ltr'><strong>congruit,</strong></span> <span class='ocrx_word' id='word_1_171' title='bbox 1672 1719 1771 1812; x_wconf 88' lang='lat' dir='ltr'><strong>quod</strong></span> <span class='ocrx_word' id='word_1_172' title='bbox 1786 1717 2027 1796; x_wconf 72' lang='lat' dir='ltr'><strong>etheontiues</strong></span> <span class='ocrx_word' id='word_1_173' title='bbox 2042 1747 2099 1794; x_wconf 87' lang='lat' dir='ltr'><strong>re·-</strong></span> 
     </span>
     <span class='ocr_line' id='line_1_15' title="bbox 39 1811 2099 1914; baseline 0.002 -22"><span class='ocrx_word' id='word_1_174' title='bbox 39 1821 310 1914; x_wconf 80' lang='lat' dir='ltr'><strong>prim&#39;ererlrnr,</strong></span> <span class='ocrx_word' id='word_1_175' title='bbox 345 1829 380 1891; x_wconf 82' lang='lat' dir='ltr'><strong>et</strong></span> <span class='ocrx_word' id='word_1_176' title='bbox 402 1830 485 1912; x_wconf 85' lang='lat' dir='ltr'><strong>pust</strong></span> <span class='ocrx_word' id='word_1_177' title='bbox 506 1830 671 1910; x_wconf 86' lang='lat' dir='ltr'><strong>tempora</strong></span> <span class='ocrx_word' id='word_1_178' title='bbox 689 1815 829 1888; x_wconf 83' lang='lat' dir='ltr'><strong>Medica</strong></span> <span class='ocrx_word' id='word_1_179' title='bbox 853 1836 935 1902; x_wconf 80' lang='lat' dir='ltr'><strong>cum</strong></span> <span class='ocrx_word' id='word_1_180' title='bbox 958 1833 1050 1886; x_wconf 87' lang='lat' dir='ltr'><strong>esse·</strong></span> <span class='ocrx_word' id='word_1_181' title='bbox 1102 1811 1285 1898; x_wconf 84' lang='lat' dir='ltr'><strong>ducimus,</strong></span> <span class='ocrx_word' id='word_1_182' title='bbox 1324 1837 1390 1885; x_wconf 86' lang='lat' dir='ltr'><strong>uec</strong></span> <span class='ocrx_word' id='word_1_183' title='bbox 1417 1818 1583 1890; x_wconf 87' lang='lat' dir='ltr'><strong>volumus</strong></span> <span class='ocrx_word' id='word_1_184' title='bbox 1612 1843 1673 1891; x_wconf 87' lang='lat' dir='ltr'><strong>eos</strong></span> <span class='ocrx_word' id='word_1_185' title='bbox 1695 1821 1801 1894; x_wconf 86' lang='lat' dir='ltr'><strong>nubis</strong></span> <span class='ocrx_word' id='word_1_186' title='bbox 1825 1823 1986 1897; x_wconf 79' lang='lat' dir='ltr'><strong>subditos</strong></span> <span class='ocrx_word' id='word_1_187' title='bbox 2011 1849 2099 1912; x_wconf 82' lang='lat' dir='ltr'><strong>esse,</strong></span> 
     </span>
     <span class='ocr_line' id='line_1_16' title="bbox 39 1911 2099 2016; baseline -0 -15"><span class='ocrx_word' id='word_1_188' title='bbox 39 1949 122 2001; x_wconf 76' lang='lat' dir='ltr'><strong>urus</strong></span> <span class='ocrx_word' id='word_1_189' title='bbox 138 1921 312 2000; x_wconf 80' lang='lat' dir='ltr'><strong>instructi</strong></span> <span class='ocrx_word' id='word_1_190' title='bbox 333 1921 463 2006; x_wconf 81' lang='lat' dir='ltr'><strong>classe,</strong></span> <span class='ocrx_word' id='word_1_191' title='bbox 497 1933 533 1991; x_wconf 91' lang='lat' dir='ltr'><strong>et</strong></span> <span class='ocrx_word' id='word_1_192' title='bbox 554 1918 962 1992; x_wconf 82' lang='lat' dir='ltr'><strong>aLacedeemoniorum</strong></span> <span class='ocrx_word' id='word_1_193' title='bbox 985 1917 1050 1986; x_wconf 90' lang='lat' dir='ltr'><strong>do·</strong></span> <span class='ocrx_word' id='word_1_194' title='bbox 1101 1915 1193 1987; x_wconf 90' lang='lat' dir='ltr'><strong>sicut</strong></span> <span class='ocrx_word' id='word_1_195' title='bbox 1203 1911 1455 1994; x_wconf 81' lang='lat' dir='ltr'><strong>Chalcidenses</strong></span> <span class='ocrx_word' id='word_1_196' title='bbox 1471 1921 1510 1990; x_wconf 88' lang='lat' dir='ltr'><strong>iu</strong></span> <span class='ocrx_word' id='word_1_197' title='bbox 1525 1919 1674 1994; x_wconf 79' lang='lat' dir='ltr'>Euboea</span> <span class='ocrx_word' id='word_1_198' title='bbox 1695 1935 1836 2016; x_wconf 75' lang='lat' dir='ltr'><strong>parem.</strong></span> <span class='ocrx_word' id='word_1_199' title='bbox 1886 1926 1958 1998; x_wconf 87' lang='lat' dir='ltr'><strong>Sed</strong></span> <span class='ocrx_word' id='word_1_200' title='bbox 1976 1941 2099 2001; x_wconf 87' lang='lat' dir='ltr'><strong>tenere</strong></span> 
     </span>
     <span class='ocr_line' id='line_1_17' title="bbox 38 2015 2100 2126; baseline 0.004 -30"><span class='ocrx_word' id='word_1_201' title='bbox 38 2028 186 2104; x_wconf 57' lang='lat' dir='ltr'><strong>adnata</strong></span> <span class='ocrx_word' id='word_1_202' title='bbox 204 2025 350 2102; x_wconf 85' lang='lat' dir='ltr'><strong>liberati</strong></span> <span class='ocrx_word' id='word_1_203' title='bbox 366 2047 541 2108; x_wconf 68' lang='lat' dir='ltr'><strong>essenus,</strong></span> <span class='ocrx_word' id='word_1_204' title='bbox 566 2046 708 2116; x_wconf 87' lang='lat' dir='ltr'><strong>semper</strong></span> <span class='ocrx_word' id='word_1_205' title='bbox 721 2022 902 2107; x_wconf 88' lang='lat' dir='ltr'><strong>cavimus,</strong></span> <span class='ocrx_word' id='word_1_206' title='bbox 934 2041 981 2090; x_wconf 89' lang='lat' dir='ltr'><strong>ne</strong></span> <span class='ocrx_word' id='word_1_207' title='bbox 997 2019 1050 2088; x_wconf 87' lang='lat' dir='ltr'><strong>iili</strong></span> <span class='ocrx_word' id='word_1_208' title='bbox 1101 2015 1300 2093; x_wconf 74' lang='lat' dir='ltr'><strong>leontinus</strong></span> <span class='ocrx_word' id='word_1_209' title='bbox 1329 2046 1432 2097; x_wconf 72' lang='lat' dir='ltr'><strong>mum</strong></span> <span class='ocrx_word' id='word_1_210' title='bbox 1462 2025 1661 2116; x_wconf 75' lang='lat' dir='ltr'><strong>potentiam</strong></span> <span class='ocrx_word' id='word_1_211' title='bbox 1690 2027 1880 2113; x_wconf 76' lang='lat' dir='ltr'><strong>volumus,</strong></span> <span class='ocrx_word' id='word_1_212' title='bbox 1917 2044 1958 2103; x_wconf 91' lang='lat' dir='ltr'><strong>ut</strong></span> <span class='ocrx_word' id='word_1_213' title='bbox 1984 2031 2100 2126; x_wconf 83' lang='lat' dir='ltr'><strong>repri-</strong></span> 
     </span>
     <span class='ocr_line' id='line_1_18' title="bbox 40 2123 2099 2220; baseline 0.001 -16"><span class='ocrx_word' id='word_1_214' title='bbox 40 2131 149 2204; x_wconf 84' lang='lat' dir='ltr'><strong>uobis</strong></span> <span class='ocrx_word' id='word_1_215' title='bbox 165 2153 295 2204; x_wconf 83' lang='lat' dir='ltr'><strong>rursus</strong></span> <span class='ocrx_word' id='word_1_216' title='bbox 311 2127 601 2208; x_wconf 58' lang='lat' dir='ltr'><strong>mactentur.</strong></span> <span class='ocrx_word' id='word_1_217' title='bbox 652 2125 747 2202; x_wconf 76' lang='lat' dir='ltr'><strong>&#39;lam</strong></span> <span class='ocrx_word' id='word_1_218' title='bbox 760 2125 856 2196; x_wconf 81' lang='lat' dir='ltr'><strong>enim</strong></span> <span class='ocrx_word' id='word_1_219' title='bbox 873 2123 960 2218; x_wconf 87' lang='lat' dir='ltr'><strong>ipsis</strong></span> <span class='ocrx_word' id='word_1_220' title='bbox 974 2146 1050 2204; x_wconf 87' lang='lat' dir='ltr'><strong>non</strong></span> <span class='ocrx_word' id='word_1_221' title='bbox 1102 2135 1206 2194; x_wconf 83' lang='lat' dir='ltr'><strong>mant</strong></span> <span class='ocrx_word' id='word_1_222' title='bbox 1219 2123 1357 2196; x_wconf 86' lang='lat' dir='ltr'><strong>vicinus</strong></span> <span class='ocrx_word' id='word_1_223' title='bbox 1372 2126 1628 2220; x_wconf 82' lang='lat' dir='ltr'><strong>Syracusanos.</strong></span> <span class='ocrx_word' id='word_1_224' title='bbox 1679 2128 1775 2202; x_wconf 78' lang='lat' dir='ltr'><strong>Nam</strong></span> <span class='ocrx_word' id='word_1_225' title='bbox 1790 2130 1884 2202; x_wconf 87' lang='lat' dir='ltr'><strong>bellu</strong></span> <span class='ocrx_word' id='word_1_226' title='bbox 1900 2133 2099 2207; x_wconf 80' lang='lat' dir='ltr'><strong>domestico</strong></span> 
     </span>
     <span class='ocr_line' id='line_1_19' title="bbox 42 2224 2101 2325; baseline 0.002 -19"><span class='ocrx_word' id='word_1_227' title='bbox 42 2233 221 2310; x_wconf 77' lang='lat' dir='ltr'><strong>convenit</strong></span> <span class='ocrx_word' id='word_1_228' title='bbox 232 2232 339 2308; x_wconf 83' lang='lat' dir='ltr'><strong>uubis</strong></span> <span class='ocrx_word' id='word_1_229' title='bbox 356 2231 554 2322; x_wconf 81' lang='lat' dir='ltr'><strong>imperate,</strong></span> <span class='ocrx_word' id='word_1_230' title='bbox 581 2253 690 2325; x_wconf 85' lang='lat' dir='ltr'><strong>quam</strong></span> <span class='ocrx_word' id='word_1_231' title='bbox 714 2228 947 2322; x_wconf 87' lang='lat' dir='ltr'><strong>nobisipsis,</strong></span> <span class='ocrx_word' id='word_1_232' title='bbox 979 2224 1050 2298; x_wconf 88' lang='lat' dir='ltr'><strong>nisi</strong></span> <span class='ocrx_word' id='word_1_233' title='bbox 1102 2249 1169 2296; x_wconf 86' lang='lat' dir='ltr'><strong>nus</strong></span> <span class='ocrx_word' id='word_1_234' title='bbox 1192 2225 1270 2318; x_wconf 88' lang='lat' dir='ltr'><strong>ipsi.</strong></span> <span class='ocrx_word' id='word_1_235' title='bbox 1288 2227 1494 2302; x_wconf 77' lang='lat' dir='ltr'><strong>wilielmus.</strong></span> <span class='ocrx_word' id='word_1_236' title='bbox 1552 2231 1665 2325; x_wconf 87' lang='lat' dir='ltr'><strong>Quod</strong></span> <span class='ocrx_word' id='word_1_237' title='bbox 1686 2245 1806 2303; x_wconf 85' lang='lat' dir='ltr'><strong>autem</strong></span> <span class='ocrx_word' id='word_1_238' title='bbox 1826 2233 1952 2308; x_wconf 84' lang='lat' dir='ltr'><strong>obiicit</strong></span> <span class='ocrx_word' id='word_1_239' title='bbox 1975 2239 2101 2311; x_wconf 75' lang='lat' dir='ltr'><strong>absur-</strong></span> 
     </span>
     <span class='ocr_line' id='line_1_20' title="bbox 40 2330 2100 2432; baseline 0.004 -28"><span class='ocrx_word' id='word_1_240' title='bbox 40 2349 232 2432; x_wconf 70' lang='lat' dir='ltr'><strong>quantum</strong></span> <span class='ocrx_word' id='word_1_241' title='bbox 246 2334 315 2429; x_wconf 85' lang='lat' dir='ltr'><strong>ipsi</strong></span> <span class='ocrx_word' id='word_1_242' title='bbox 331 2335 370 2414; x_wconf 86' lang='lat' dir='ltr'><strong>in</strong></span> <span class='ocrx_word' id='word_1_243' title='bbox 395 2354 516 2426; x_wconf 74' lang='lat' dir='ltr'><strong>pugna</strong></span> <span class='ocrx_word' id='word_1_244' title='bbox 539 2335 585 2402; x_wconf 88' lang='lat' dir='ltr'><strong>ad</strong></span> <span class='ocrx_word' id='word_1_245' title='bbox 599 2331 819 2430; x_wconf 64' lang='lat' dir='ltr'><strong>Plataessfl)</strong></span> <span class='ocrx_word' id='word_1_246' title='bbox 845 2333 927 2425; x_wconf 84' lang='lat' dir='ltr'><strong>plus</strong></span> <span class='ocrx_word' id='word_1_247' title='bbox 948 2340 1051 2422; x_wconf 86' lang='lat' dir='ltr'><strong>pote·</strong></span> <span class='ocrx_word' id='word_1_248' title='bbox 1101 2330 1189 2399; x_wconf 88' lang='lat' dir='ltr'><strong>dum</strong></span> <span class='ocrx_word' id='word_1_249' title='bbox 1207 2352 1300 2414; x_wconf 90' lang='lat' dir='ltr'><strong>esse,</strong></span> <span class='ocrx_word' id='word_1_250' title='bbox 1335 2355 1422 2417; x_wconf 89' lang='lat' dir='ltr'><strong>nos,</strong></span> <span class='ocrx_word' id='word_1_251' title='bbox 1451 2355 1537 2404; x_wconf 83' lang='lat' dir='ltr'><strong>cum</strong></span> <span class='ocrx_word' id='word_1_252' title='bbox 1551 2335 1640 2406; x_wconf 85' lang='lat' dir='ltr'><strong>alibi</strong></span> <span class='ocrx_word' id='word_1_253' title='bbox 1654 2331 1905 2413; x_wconf 85' lang='lat' dir='ltr'><strong>Chalcidenses</strong></span> <span class='ocrx_word' id='word_1_254' title='bbox 1920 2339 2100 2432; x_wconf 73' lang='lat' dir='ltr'><strong>redegeri-</strong></span> 
     </span>
     <span class='ocr_line' id='line_1_21' title="bbox 40 2430 2100 2531; baseline 0 -17"><span class='ocrx_word' id='word_1_255' title='bbox 40 2430 139 2514; x_wconf 63' lang='lat' dir='ltr'><strong>tan&#39;ts</strong></span> <span class='ocrx_word' id='word_1_256' title='bbox 167 2509 173 2520; x_wconf 91' lang='grc'><em>,</em></span> <span class='ocrx_word' id='word_1_257' title='bbox 194 2441 273 2518; x_wconf 82' lang='lat' dir='ltr'><strong>Nus</strong></span> <span class='ocrx_word' id='word_1_258' title='bbox 287 2455 375 2510; x_wconf 74' lang='lat' dir='ltr'><strong>uero</strong></span> <span class='ocrx_word' id='word_1_259' title='bbox 386 2436 442 2512; x_wconf 85' lang='lat' dir='ltr'><strong>sic</strong></span> <span class='ocrx_word' id='word_1_260' title='bbox 454 2433 680 2521; x_wconf 71' lang='lat' dir='ltr'><strong>habitantes,</strong></span> <span class='ocrx_word' id='word_1_261' title='bbox 704 2435 790 2506; x_wconf 84' lang='lat' dir='ltr'><strong>iacti</strong></span> <span class='ocrx_word' id='word_1_262' title='bbox 804 2459 927 2508; x_wconf 86' lang='lat' dir='ltr'><strong>sumus</strong></span> <span class='ocrx_word' id='word_1_263' title='bbox 943 2434 1051 2508; x_wconf 85' lang='lat' dir='ltr'><strong>duces</strong></span> <span class='ocrx_word' id='word_1_264' title='bbox 1102 2455 1183 2502; x_wconf 83' lang='lat' dir='ltr'><strong>mus</strong></span> <span class='ocrx_word' id='word_1_265' title='bbox 1198 2432 1238 2501; x_wconf 82' lang='lat' dir='ltr'><strong>in</strong></span> <span class='ocrx_word' id='word_1_266' title='bbox 1253 2434 1484 2520; x_wconf 84' lang='lat' dir='ltr'><strong>servitutem,</strong></span> <span class='ocrx_word' id='word_1_267' title='bbox 1508 2430 1569 2508; x_wconf 83' lang='lat' dir='ltr'><strong>hic</strong></span> <span class='ocrx_word' id='word_1_268' title='bbox 1581 2437 1789 2531; x_wconf 77' lang='lat' dir='ltr'><strong>permittere</strong></span> <span class='ocrx_word' id='word_1_269' title='bbox 1812 2436 1937 2515; x_wconf 83' lang='lat' dir='ltr'><strong>eurum</strong></span> <span class='ocrx_word' id='word_1_270' title='bbox 1962 2441 2100 2516; x_wconf 89' lang='lat' dir='ltr'><strong>colonis</strong></span> 
     </span>
     <span class='ocr_line' id='line_1_22' title="bbox 40 2534 2100 2639; baseline -0.002 -14"><span class='ocrx_word' id='word_1_271' title='bbox 40 2541 298 2626; x_wconf 61' lang='lat' dir='ltr'><strong>losdunum,</strong></span> <span class='ocrx_word' id='word_1_272' title='bbox 333 2563 426 2636; x_wconf 85' lang='lat' dir='ltr'><strong>queo</strong></span> <span class='ocrx_word' id='word_1_273' title='bbox 446 2539 636 2632; x_wconf 79' lang='lat' dir='ltr'><strong>priussub</strong></span> <span class='ocrx_word' id='word_1_274' title='bbox 651 2538 771 2610; x_wconf 85' lang='lat' dir='ltr'><strong>Persis</strong></span> <span class='ocrx_word' id='word_1_275' title='bbox 788 2539 953 2621; x_wconf 76' lang='lat' dir='ltr'><strong>lucrant,</strong></span> <span class='ocrx_word' id='word_1_276' title='bbox 974 2559 1050 2607; x_wconf 88' lang='lat' dir='ltr'><strong>nun</strong></span> <span class='ocrx_word' id='word_1_277' title='bbox 1102 2535 1321 2607; x_wconf 85' lang='lat' dir='ltr'><strong>libertatem:</strong></span> <span class='ocrx_word' id='word_1_278' title='bbox 1356 2538 1403 2608; x_wconf 90' lang='lat' dir='ltr'><strong>ad</strong></span> <span class='ocrx_word' id='word_1_279' title='bbox 1418 2534 1488 2610; x_wconf 89' lang='lat' dir='ltr'><strong>huc</strong></span> <span class='ocrx_word' id='word_1_280' title='bbox 1503 2542 1725 2635; x_wconf 83' lang='lat' dir='ltr'><strong>respondeo,</strong></span> <span class='ocrx_word' id='word_1_281' title='bbox 1755 2553 1909 2639; x_wconf 86' lang='lat' dir='ltr'><strong>utraque</strong></span> <span class='ocrx_word' id='word_1_282' title='bbox 1924 2545 1963 2616; x_wconf 89' lang='lat' dir='ltr'><strong>in</strong></span> <span class='ocrx_word' id='word_1_283' title='bbox 1977 2571 2017 2617; x_wconf 84' lang='lat' dir='ltr'><strong>re</strong></span> <span class='ocrx_word' id='word_1_284' title='bbox 2031 2571 2100 2620; x_wconf 85' lang='lat' dir='ltr'><strong>nus</strong></span> 
     </span>
     <span class='ocr_line' id='line_1_23' title="bbox 41 2637 2179 2749; baseline 0 -30"><span class='ocrx_word' id='word_1_285' title='bbox 41 2643 181 2720; x_wconf 76' lang='lat' dir='ltr'><strong>iusum</strong></span> <span class='ocrx_word' id='word_1_286' title='bbox 204 2645 442 2727; x_wconf 82' lang='lat' dir='ltr'><strong>arbitrantes,</strong></span> <span class='ocrx_word' id='word_1_287' title='bbox 468 2653 509 2714; x_wconf 87' lang='lat' dir='ltr'><strong>ut</strong></span> <span class='ocrx_word' id='word_1_288' title='bbox 528 2667 652 2716; x_wconf 88' lang='lat' dir='ltr'><strong>rursus</strong></span> <span class='ocrx_word' id='word_1_289' title='bbox 671 2642 812 2716; x_wconf 87' lang='lat' dir='ltr'><strong>subsint</strong></span> <span class='ocrx_word' id='word_1_290' title='bbox 823 2641 1051 2734; x_wconf 85' lang='lat' dir='ltr'><strong>Peloponne·</strong></span> <span class='ocrx_word' id='word_1_291' title='bbox 1103 2637 1256 2708; x_wconf 82' lang='lat' dir='ltr'><strong>utilitate</strong></span> <span class='ocrx_word' id='word_1_292' title='bbox 1271 2641 1424 2713; x_wconf 83' lang='lat' dir='ltr'><strong>moveri.</strong></span> <span class='ocrx_word' id='word_1_293' title='bbox 1471 2641 1568 2714; x_wconf 77' lang='lat' dir='ltr'><strong>Alibi</strong></span> <span class='ocrx_word' id='word_1_294' title='bbox 1583 2647 1731 2738; x_wconf 86' lang='lat' dir='ltr'><strong>prodest</strong></span> <span class='ocrx_word' id='word_1_295' title='bbox 1745 2646 1863 2733; x_wconf 89' lang='lat' dir='ltr'><strong>nobis,</strong></span> <span class='ocrx_word' id='word_1_296' title='bbox 1886 2645 2101 2722; x_wconf 82' lang='lat' dir='ltr'><strong>Chalciden·</strong></span> <span class='ocrx_word' id='word_1_297' title='bbox 2169 2724 2179 2749; x_wconf 25' lang='grc' dir='ltr'><strong>ῃ</strong></span> 
     </span>
     <span class='ocr_line' id='line_1_24' title="bbox 41 2741 2100 2840; baseline 0.003 -22"><span class='ocrx_word' id='word_1_298' title='bbox 41 2748 126 2835; x_wconf 87' lang='lat' dir='ltr'><strong>siis,</strong></span> <span class='ocrx_word' id='word_1_299' title='bbox 152 2773 237 2822; x_wconf 91' lang='lat' dir='ltr'><strong>cum</strong></span> <span class='ocrx_word' id='word_1_300' title='bbox 252 2772 321 2821; x_wconf 88' lang='lat' dir='ltr'><strong>nus</strong></span> <span class='ocrx_word' id='word_1_301' title='bbox 337 2744 480 2820; x_wconf 82' lang='lat' dir='ltr'><strong>nautica</strong></span> <span class='ocrx_word' id='word_1_302' title='bbox 498 2746 659 2838; x_wconf 86' lang='lat' dir='ltr'><strong>potentia</strong></span> <span class='ocrx_word' id='word_1_303' title='bbox 674 2744 950 2828; x_wconf 68' lang='lat' dir='ltr'><strong>antecellimus,</strong></span> <span class='ocrx_word' id='word_1_304' title='bbox 978 2765 1049 2838; x_wconf 82' lang='lat' dir='ltr'><strong>qua</strong></span> <span class='ocrx_word' id='word_1_305' title='bbox 1100 2765 1157 2814; x_wconf 85' lang='lat' dir='ltr'><strong>ses</strong></span> <span class='ocrx_word' id='word_1_306' title='bbox 1180 2741 1245 2811; x_wconf 81' lang='lat' dir='ltr'><strong>tall</strong></span> <span class='ocrx_word' id='word_1_307' title='bbox 1269 2744 1348 2814; x_wconf 90' lang='lat' dir='ltr'><strong>iure</strong></span> <span class='ocrx_word' id='word_1_308' title='bbox 1368 2743 1526 2820; x_wconf 85' lang='lat' dir='ltr'><strong>domitos</strong></span> <span class='ocrx_word' id='word_1_309' title='bbox 1557 2772 1653 2833; x_wconf 86' lang='lat' dir='ltr'><strong>esse,</strong></span> <span class='ocrx_word' id='word_1_310' title='bbox 1691 2760 1733 2818; x_wconf 91' lang='lat' dir='ltr'><strong>ut</strong></span> <span class='ocrx_word' id='word_1_311' title='bbox 1754 2750 1827 2821; x_wconf 85' lang='lat' dir='ltr'><strong>sint</strong></span> <span class='ocrx_word' id='word_1_312' title='bbox 1848 2749 2023 2840; x_wconf 84' lang='lat' dir='ltr'><strong>inermes,</strong></span> <span class='ocrx_word' id='word_1_313' title='bbox 2063 2767 2100 2825; x_wconf 87' lang='lat' dir='ltr'><strong>et</strong></span> 
     </span>
     <span class='ocr_line' id='line_1_25' title="bbox 42 2844 2100 2944; baseline 0.002 -22"><span class='ocrx_word' id='word_1_314' title='bbox 42 2873 169 2926; x_wconf 87' lang='lat' dir='ltr'><strong>arcere</strong></span> <span class='ocrx_word' id='word_1_315' title='bbox 183 2849 328 2924; x_wconf 72' lang='lat' dir='ltr'><strong>ltmtem</strong></span> <span class='ocrx_word' id='word_1_316' title='bbox 342 2851 437 2922; x_wconf 87' lang='lat' dir='ltr'><strong>licet.</strong></span> <span class='ocrx_word' id='word_1_317' title='bbox 486 2851 607 2944; x_wconf 79' lang='lat' dir='ltr'><strong>Atque</strong></span> <span class='ocrx_word' id='word_1_318' title='bbox 625 2851 656 2922; x_wconf 87' lang='lat' dir='ltr'><strong>si</strong></span> <span class='ocrx_word' id='word_1_319' title='bbox 671 2849 718 2920; x_wconf 90' lang='lat' dir='ltr'><strong>de</strong></span> <span class='ocrx_word' id='word_1_320' title='bbox 732 2850 810 2924; x_wconf 88' lang='lat' dir='ltr'><strong>iure</strong></span> <span class='ocrx_word' id='word_1_321' title='bbox 824 2862 877 2923; x_wconf 84' lang='lat' dir='ltr'><strong>ast</strong></span> <span class='ocrx_word' id='word_1_322' title='bbox 891 2848 1051 2939; x_wconf 86' lang='lat' dir='ltr'><strong>disputa·</strong></span> <span class='ocrx_word' id='word_1_323' title='bbox 1103 2844 1292 2938; x_wconf 87' lang='lat' dir='ltr'><strong>pecuniam</strong></span> <span class='ocrx_word' id='word_1_324' title='bbox 1312 2849 1484 2940; x_wconf 83' lang='lat' dir='ltr'><strong>pendant.</strong></span> <span class='ocrx_word' id='word_1_325' title='bbox 1543 2849 1611 2921; x_wconf 83' lang='lat' dir='ltr'><strong>llic</strong></span> <span class='ocrx_word' id='word_1_326' title='bbox 1635 2849 1784 2944; x_wconf 88' lang='lat' dir='ltr'><strong>prodest</strong></span> <span class='ocrx_word' id='word_1_327' title='bbox 1802 2851 1928 2941; x_wconf 87' lang='lat' dir='ltr'><strong>nubis,</strong></span> <span class='ocrx_word' id='word_1_328' title='bbox 1952 2854 2100 2928; x_wconf 87' lang='lat' dir='ltr'><strong>Leonti·</strong></span> 
     </span>
     <span class='ocr_line' id='line_1_26' title="bbox 44 2949 2101 3053; baseline 0.002 -25"><span class='ocrx_word' id='word_1_329' title='bbox 44 2955 120 3040; x_wconf 83' lang='lat' dir='ltr'><strong>tio,</strong></span> <span class='ocrx_word' id='word_1_330' title='bbox 150 2977 230 3028; x_wconf 86' lang='lat' dir='ltr'><strong>nun</strong></span> <span class='ocrx_word' id='word_1_331' title='bbox 257 2954 391 3028; x_wconf 87' lang='lat' dir='ltr'><strong>iniuria</strong></span> <span class='ocrx_word' id='word_1_332' title='bbox 416 2952 456 3022; x_wconf 89' lang='lat' dir='ltr'><strong>iu</strong></span> <span class='ocrx_word' id='word_1_333' title='bbox 478 2953 640 3024; x_wconf 84' lang='lat' dir='ltr'><strong>nostram</strong></span> <span class='ocrx_word' id='word_1_334' title='bbox 664 2952 868 3044; x_wconf 81' lang='lat' dir='ltr'><strong>redegimus</strong></span> <span class='ocrx_word' id='word_1_335' title='bbox 893 2961 1051 3044; x_wconf 90' lang='lat' dir='ltr'><strong>potesta·</strong></span> <span class='ocrx_word' id='word_1_336' title='bbox 1101 2971 1169 3020; x_wconf 86' lang='lat' dir='ltr'><strong>nos</strong></span> <span class='ocrx_word' id='word_1_337' title='bbox 1199 2961 1235 3017; x_wconf 89' lang='lat' dir='ltr'><strong>et</strong></span> <span class='ocrx_word' id='word_1_338' title='bbox 1263 2964 1423 3024; x_wconf 89' lang='lat' dir='ltr'><strong>caeteros</strong></span> <span class='ocrx_word' id='word_1_339' title='bbox 1444 2949 1561 3026; x_wconf 87' lang='lat' dir='ltr'><strong>socios</strong></span> <span class='ocrx_word' id='word_1_340' title='bbox 1584 2966 1709 3026; x_wconf 85' lang='lat' dir='ltr'><strong>tenere</strong></span> <span class='ocrx_word' id='word_1_341' title='bbox 1732 2976 1853 3042; x_wconf 85' lang='lat' dir='ltr'><strong>anna,</strong></span> <span class='ocrx_word' id='word_1_342' title='bbox 1893 2972 1931 3030; x_wconf 89' lang='lat' dir='ltr'><strong>et</strong></span> <span class='ocrx_word' id='word_1_343' title='bbox 1952 2983 2101 3053; x_wconf 81' lang='lat' dir='ltr'><strong>prorsus</strong></span> 
     </span>
     <span class='ocr_line' id='line_1_27' title="bbox 43 3049 2102 3154; baseline 0.001 -22"><span class='ocrx_word' id='word_1_344' title='bbox 43 3055 238 3132; x_wconf 73' lang='lat' dir='ltr'><strong>tensiones</strong></span> <span class='ocrx_word' id='word_1_345' title='bbox 256 3071 364 3154; x_wconf 90' lang='lat' dir='ltr'><strong>atque</strong></span> <span class='ocrx_word' id='word_1_346' title='bbox 378 3052 566 3139; x_wconf 86' lang='lat' dir='ltr'><strong>insulares,</strong></span> <span class='ocrx_word' id='word_1_347' title='bbox 591 3078 696 3149; x_wconf 85' lang='lat' dir='ltr'><strong>quos,</strong></span> <span class='ocrx_word' id='word_1_348' title='bbox 723 3076 804 3126; x_wconf 91' lang='lat' dir='ltr'><strong>cum</strong></span> <span class='ocrx_word' id='word_1_349' title='bbox 817 3055 892 3128; x_wconf 89' lang='lat' dir='ltr'><strong>sint</strong></span> <span class='ocrx_word' id='word_1_350' title='bbox 905 3051 1051 3146; x_wconf 81' lang='lat' dir='ltr'><strong>cognati</strong></span> <span class='ocrx_word' id='word_1_351' title='bbox 1100 3049 1235 3123; x_wconf 88' lang='lat' dir='ltr'><strong>liberos</strong></span> <span class='ocrx_word' id='word_1_352' title='bbox 1249 3076 1344 3140; x_wconf 86' lang='lat' dir='ltr'><strong>esee,</strong></span> <span class='ocrx_word' id='word_1_353' title='bbox 1370 3068 1411 3126; x_wconf 92' lang='lat' dir='ltr'><strong>ut</strong></span> <span class='ocrx_word' id='word_1_354' title='bbox 1426 3054 1671 3150; x_wconf 86' lang='lat' dir='ltr'><strong>Syracusanos</strong></span> <span class='ocrx_word' id='word_1_355' title='bbox 1684 3060 1896 3151; x_wconf 86' lang='lat' dir='ltr'><strong>reprimant.</strong></span> <span class='ocrx_word' id='word_1_356' title='bbox 1946 3060 2021 3136; x_wconf 82' lang='lat' dir='ltr'><strong>illis</strong></span> <span class='ocrx_word' id='word_1_357' title='bbox 2038 3087 2102 3135; x_wconf 89' lang='lat' dir='ltr'><strong>au-</strong></span> 
     </span>
     <span class='ocr_line' id='line_1_28' title="bbox 42 3155 2102 3255; baseline 0.002 -21"><span class='ocrx_word' id='word_1_358' title='bbox 42 3161 186 3247; x_wconf 86' lang='lat' dir='ltr'><strong>uostri,</strong></span> <span class='ocrx_word' id='word_1_359' title='bbox 218 3157 435 3255; x_wconf 78' lang='lat' dir='ltr'><strong>Syracusani</strong></span> <span class='ocrx_word' id='word_1_360' title='bbox 468 3155 593 3228; x_wconf 89' lang='lat' dir='ltr'><strong>dicunt</strong></span> <span class='ocrx_word' id='word_1_361' title='bbox 621 3181 643 3227; x_wconf 88' lang='lat' dir='ltr'><strong>a</strong></span> <span class='ocrx_word' id='word_1_362' title='bbox 665 3157 771 3229; x_wconf 88' lang='lat' dir='ltr'><strong>uobis</strong></span> <span class='ocrx_word' id='word_1_363' title='bbox 793 3157 964 3230; x_wconf 86' lang='lat' dir='ltr'><strong>servitute</strong></span> <span class='ocrx_word' id='word_1_364' title='bbox 986 3179 1051 3248; x_wconf 87' lang='lat' dir='ltr'><strong>up·</strong></span> <span class='ocrx_word' id='word_1_365' title='bbox 1103 3165 1198 3240; x_wconf 87' lang='lat' dir='ltr'><strong>tem,</strong></span> <span class='ocrx_word' id='word_1_366' title='bbox 1223 3155 1287 3250; x_wconf 87' lang='lat' dir='ltr'><strong>qui</strong></span> <span class='ocrx_word' id='word_1_367' title='bbox 1304 3158 1503 3251; x_wconf 82' lang='lat' dir='ltr'><strong>potentiam</strong></span> <span class='ocrx_word' id='word_1_368' title='bbox 1520 3160 1747 3255; x_wconf 76' lang='lat' dir='ltr'><strong>tyrannicam</strong></span> <span class='ocrx_word' id='word_1_369' title='bbox 1765 3175 1908 3251; x_wconf 87' lang='lat' dir='ltr'><strong>teuent,</strong></span> <span class='ocrx_word' id='word_1_370' title='bbox 1941 3163 2034 3238; x_wconf 89' lang='lat' dir='ltr'><strong>nihil</strong></span> <span class='ocrx_word' id='word_1_371' title='bbox 2048 3179 2102 3238; x_wconf 88' lang='lat' dir='ltr'><strong>est</strong></span> 
     </span>
     <span class='ocr_line' id='line_1_29' title="bbox 1 3257 2101 3366; baseline 0.006 -37"><span class='ocrx_word' id='word_1_372' title='bbox 1 3293 2 3308; x_wconf 28' lang='grc' dir='ltr'><strong>κ</strong></span> <span class='ocrx_word' id='word_1_373' title='bbox 43 3274 191 3355; x_wconf 66' lang='lat' dir='ltr'><strong>precem</strong></span> <span class='ocrx_word' id='word_1_374' title='bbox 208 3287 295 3338; x_wconf 74' lang='lat' dir='ltr'><strong>esse.</strong></span> <span class='ocrx_word' id='word_1_375' title='bbox 346 3261 535 3333; x_wconf 76' lang='lat' dir='ltr'><strong>Venerunt</strong></span> <span class='ocrx_word' id='word_1_376' title='bbox 552 3259 647 3330; x_wconf 89' lang='lat' dir='ltr'><strong>euim</strong></span> <span class='ocrx_word' id='word_1_377' title='bbox 663 3285 746 3332; x_wconf 92' lang='lat' dir='ltr'><strong>cum</strong></span> <span class='ocrx_word' id='word_1_378' title='bbox 754 3261 865 3334; x_wconf 88' lang='lat' dir='ltr'><strong>Medo</strong></span> <span class='ocrx_word' id='word_1_379' title='bbox 879 3263 1051 3332; x_wconf 83' lang='lat' dir='ltr'><strong>adversus</strong></span> <span class='ocrx_word' id='word_1_380' title='bbox 1102 3257 1319 3345; x_wconf 85' lang='lat' dir='ltr'><strong>absurdum,</strong></span> <span class='ocrx_word' id='word_1_381' title='bbox 1352 3263 1450 3356; x_wconf 90' lang='lat' dir='ltr'><strong>quod</strong></span> <span class='ocrx_word' id='word_1_382' title='bbox 1472 3263 1561 3334; x_wconf 90' lang='lat' dir='ltr'><strong>utile</strong></span> <span class='ocrx_word' id='word_1_383' title='bbox 1582 3277 1656 3350; x_wconf 87' lang='lat' dir='ltr'><strong>est,</strong></span> <span class='ocrx_word' id='word_1_384' title='bbox 1688 3260 1781 3336; x_wconf 88' lang='lat' dir='ltr'><strong>nihil</strong></span> <span class='ocrx_word' id='word_1_385' title='bbox 1799 3261 1976 3357; x_wconf 85' lang='lat' dir='ltr'><strong>amicum,</strong></span> <span class='ocrx_word' id='word_1_386' title='bbox 2000 3271 2101 3366; x_wconf 89' lang='lat' dir='ltr'><strong>quod</strong></span> 
     </span>
     <span class='ocr_line' id='line_1_30' title="bbox 41 3363 2102 3467; baseline 0 -25"><span class='ocrx_word' id='word_1_387' title='bbox 41 3384 114 3442; x_wconf 76' lang='lat' dir='ltr'><strong>uus</strong></span> <span class='ocrx_word' id='word_1_388' title='bbox 128 3367 364 3461; x_wconf 83' lang='lat' dir='ltr'><strong>metropolim</strong></span> <span class='ocrx_word' id='word_1_389' title='bbox 378 3389 500 3449; x_wconf 88' lang='lat' dir='ltr'><strong>suam,</strong></span> <span class='ocrx_word' id='word_1_390' title='bbox 526 3387 642 3460; x_wconf 84' lang='lat' dir='ltr'><strong>neque</strong></span> <span class='ocrx_word' id='word_1_391' title='bbox 655 3363 736 3438; x_wconf 85' lang='lat' dir='ltr'><strong>ausi</strong></span> <span class='ocrx_word' id='word_1_392' title='bbox 749 3377 834 3438; x_wconf 90' lang='lat' dir='ltr'><strong>sunt</strong></span> <span class='ocrx_word' id='word_1_393' title='bbox 846 3365 1051 3438; x_wconf 82' lang='lat' dir='ltr'><strong>deficientes</strong></span> <span class='ocrx_word' id='word_1_394' title='bbox 1102 3363 1336 3434; x_wconf 90' lang='lat' dir='ltr'><strong>metuendum</strong></span> <span class='ocrx_word' id='word_1_395' title='bbox 1359 3377 1431 3451; x_wconf 86' lang='lat' dir='ltr'><strong>est,</strong></span> <span class='ocrx_word' id='word_1_396' title='bbox 1472 3377 1509 3436; x_wconf 89' lang='lat' dir='ltr'><strong>et</strong></span> <span class='ocrx_word' id='word_1_397' title='bbox 1528 3367 1715 3454; x_wconf 74' lang='lat' dir='ltr'><strong>omnibus,</strong></span> <span class='ocrx_word' id='word_1_398' title='bbox 1746 3393 1815 3464; x_wconf 89' lang='lat' dir='ltr'><strong>pro</strong></span> <span class='ocrx_word' id='word_1_399' title='bbox 1840 3373 2013 3467; x_wconf 90' lang='lat' dir='ltr'><strong>temporis</strong></span> <span class='ocrx_word' id='word_1_400' title='bbox 2036 3398 2102 3466; x_wconf 86' lang='lat' dir='ltr'><strong>op·</strong></span> 
     </span>
     <span class='ocr_line' id='line_1_31' title="bbox 44 3463 2101 3568; baseline 0.002 -27"><span class='ocrx_word' id='word_1_401' title='bbox 44 3470 92 3541; x_wconf 76' lang='lat' dir='ltr'><strong>ab</strong></span> <span class='ocrx_word' id='word_1_402' title='bbox 117 3493 164 3538; x_wconf 87' lang='lat' dir='ltr'><strong>eo</strong></span> <span class='ocrx_word' id='word_1_403' title='bbox 190 3492 247 3540; x_wconf 86' lang='lat' dir='ltr'><strong>res</strong></span> <span class='ocrx_word' id='word_1_404' title='bbox 268 3493 353 3543; x_wconf 82' lang='lat' dir='ltr'><strong>suas</strong></span> <span class='ocrx_word' id='word_1_405' title='bbox 369 3467 553 3552; x_wconf 87' lang='lat' dir='ltr'><strong>amittere,</strong></span> <span class='ocrx_word' id='word_1_406' title='bbox 586 3467 678 3541; x_wconf 80' lang='lat' dir='ltr'><strong>sime</strong></span> <span class='ocrx_word' id='word_1_407' title='bbox 699 3492 766 3540; x_wconf 88' lang='lat' dir='ltr'><strong>nus</strong></span> <span class='ocrx_word' id='word_1_408' title='bbox 787 3469 956 3555; x_wconf 86' lang='lat' dir='ltr'><strong>fecimus,</strong></span> <span class='ocrx_word' id='word_1_409' title='bbox 985 3465 1051 3562; x_wconf 86' lang='lat' dir='ltr'><strong>qui</strong></span> <span class='ocrx_word' id='word_1_410' title='bbox 1102 3463 1345 3557; x_wconf 90' lang='lat' dir='ltr'><strong>portunitate‚</strong></span> <span class='ocrx_word' id='word_1_411' title='bbox 1372 3467 1506 3540; x_wconf 90' lang='lat' dir='ltr'><strong>amicos</strong></span> <span class='ocrx_word' id='word_1_412' title='bbox 1523 3483 1587 3540; x_wconf 87' lang='lat' dir='ltr'><strong>aut</strong></span> <span class='ocrx_word' id='word_1_413' title='bbox 1599 3466 1720 3542; x_wconf 84' lang='lat' dir='ltr'><strong>hostes</strong></span> <span class='ocrx_word' id='word_1_414' title='bbox 1734 3493 1808 3544; x_wconf 87' lang='lat' dir='ltr'><strong>esse</strong></span> <span class='ocrx_word' id='word_1_415' title='bbox 1821 3476 2001 3568; x_wconf 81' lang='lat' dir='ltr'><strong>congruit.</strong></span> <span class='ocrx_word' id='word_1_416' title='bbox 2052 3471 2101 3546; x_wconf 84' lang='lat' dir='ltr'><strong>Et</strong></span> 
     </span>
     <span class='ocr_line' id='line_1_32' title="bbox 40 3561 2101 3672; baseline -0 -23"><span class='ocrx_word' id='word_1_417' title='bbox 40 3568 274 3650; x_wconf 66' lang='lat' dir='ltr'><strong>,descenaens</strong></span> <span class='ocrx_word' id='word_1_418' title='bbox 286 3582 449 3641; x_wconf 83' lang='lat' dir='ltr'><strong>nostram</strong></span> <span class='ocrx_word' id='word_1_419' title='bbox 465 3571 604 3642; x_wconf 88' lang='lat' dir='ltr'><strong>urbem.</strong></span> <span class='ocrx_word' id='word_1_420' title='bbox 653 3567 729 3662; x_wconf 90' lang='lat' dir='ltr'><strong>lpsi</strong></span> <span class='ocrx_word' id='word_1_421' title='bbox 745 3595 831 3642; x_wconf 85' lang='lat' dir='ltr'><strong>vero</strong></span> <span class='ocrx_word' id='word_1_422' title='bbox 844 3573 1051 3644; x_wconf 85' lang='lat' dir='ltr'><strong>maluerunt</strong></span> <span class='ocrx_word' id='word_1_423' title='bbox 1102 3566 1207 3637; x_wconf 88' lang='lat' dir='ltr'><strong>nobis</strong></span> <span class='ocrx_word' id='word_1_424' title='bbox 1225 3561 1284 3636; x_wconf 91' lang='lat' dir='ltr'><strong>hic</strong></span> <span class='ocrx_word' id='word_1_425' title='bbox 1305 3570 1472 3661; x_wconf 89' lang='lat' dir='ltr'><strong>prodest,</strong></span> <span class='ocrx_word' id='word_1_426' title='bbox 1502 3594 1580 3641; x_wconf 92' lang='lat' dir='ltr'><strong>nun</strong></span> <span class='ocrx_word' id='word_1_427' title='bbox 1603 3570 1789 3645; x_wconf 86' lang='lat' dir='ltr'><strong>debilitare</strong></span> <span class='ocrx_word' id='word_1_428' title='bbox 1812 3575 2012 3648; x_wconf 86' lang='lat' dir='ltr'><strong>amicorum</strong></span> <span class='ocrx_word' id='word_1_429' title='bbox 2034 3597 2101 3672; x_wconf 87' lang='lat' dir='ltr'><strong>po-</strong></span> 
     </span>
     <span class='ocr_line' id='line_1_33' title="bbox 44 3667 2204 3767; baseline 0.004 -19"><span class='ocrx_word' id='word_1_430' title='bbox 44 3674 184 3748; x_wconf 83' lang='lat' dir='ltr'><strong>servire</strong></span> <span class='ocrx_word' id='word_1_431' title='bbox 199 3686 237 3744; x_wconf 88' lang='lat' dir='ltr'><strong>et</strong></span> <span class='ocrx_word' id='word_1_432' title='bbox 252 3672 400 3766; x_wconf 89' lang='lat' dir='ltr'><strong>insuper</strong></span> <span class='ocrx_word' id='word_1_433' title='bbox 414 3670 519 3748; x_wconf 88' lang='lat' dir='ltr'><strong>nohis</strong></span> <span class='ocrx_word' id='word_1_434' title='bbox 533 3669 743 3743; x_wconf 88' lang='lat' dir='ltr'><strong>servitutem</strong></span> <span class='ocrx_word' id='word_1_435' title='bbox 760 3671 947 3757; x_wconf 82' lang='lat' dir='ltr'><strong>inducere,</strong></span> <span class='ocrx_word' id='word_1_436' title='bbox 961 3694 1049 3766; x_wconf 89' lang='lat' dir='ltr'><strong>pru·</strong></span> <span class='ocrx_word' id='word_1_437' title='bbox 1102 3667 1272 3754; x_wconf 86' lang='lat' dir='ltr'><strong>tentiam,</strong></span> <span class='ocrx_word' id='word_1_438' title='bbox 1298 3669 1360 3740; x_wconf 88' lang='lat' dir='ltr'><strong>sed</strong></span> <span class='ocrx_word' id='word_1_439' title='bbox 1374 3671 1575 3744; x_wconf 81' lang='lat' dir='ltr'><strong>amicorum</strong></span> <span class='ocrx_word' id='word_1_440' title='bbox 1589 3674 1753 3767; x_wconf 85' lang='lat' dir='ltr'><strong>potentia</strong></span> <span class='ocrx_word' id='word_1_441' title='bbox 1767 3672 1887 3750; x_wconf 82' lang='lat' dir='ltr'><strong>hostes</strong></span> <span class='ocrx_word' id='word_1_442' title='bbox 1901 3679 2101 3756; x_wconf 87' lang='lat' dir='ltr'><strong>debilitare.</strong></span> <span class='ocrx_word' id='word_1_443' title='bbox 2184 3741 2204 3756; x_wconf 75' lang='grc'><strong>,,</strong></span> 
     </span>
     <span class='ocr_line' id='line_1_34' title="bbox 42 3769 2171 3878; baseline 0.003 -30"><span class='ocrx_word' id='word_1_444' title='bbox 42 3791 128 3870; x_wconf 86' lang='lat' dir='ltr'><strong>pter</strong></span> <span class='ocrx_word' id='word_1_445' title='bbox 144 3801 239 3872; x_wconf 83' lang='lat' dir='ltr'><strong>quae</strong></span> <span class='ocrx_word' id='word_1_446' title='bbox 258 3775 361 3869; x_wconf 79' lang='lat' dir='ltr'><strong>digni</strong></span> <span class='ocrx_word' id='word_1_447' title='bbox 381 3799 524 3859; x_wconf 79' lang='lat' dir='ltr'><strong>sumus,</strong></span> <span class='ocrx_word' id='word_1_448' title='bbox 557 3785 598 3846; x_wconf 87' lang='lat' dir='ltr'><strong>ut</strong></span> <span class='ocrx_word' id='word_1_449' title='bbox 618 3773 858 3869; x_wconf 86' lang='lat' dir='ltr'><strong>imperemus,</strong></span> <span class='ocrx_word' id='word_1_450' title='bbox 891 3787 927 3848; x_wconf 89' lang='lat' dir='ltr'><strong>et</strong></span> <span class='ocrx_word' id='word_1_451' title='bbox 951 3774 1049 3871; x_wconf 80' lang='lat' dir='ltr'><strong>qued</strong></span> <span class='ocrx_word' id='word_1_452' title='bbox 1100 3769 1205 3840; x_wconf 83' lang='lat' dir='ltr'><strong>Hanc</strong></span> <span class='ocrx_word' id='word_1_453' title='bbox 1222 3795 1299 3844; x_wconf 86' lang='lat' dir='ltr'><strong>esse</strong></span> <span class='ocrx_word' id='word_1_454' title='bbox 1319 3785 1482 3845; x_wconf 88' lang='lat' dir='ltr'><strong>nostram</strong></span> <span class='ocrx_word' id='word_1_455' title='bbox 1505 3790 1663 3847; x_wconf 86' lang='lat' dir='ltr'><strong>mentem</strong></span> <span class='ocrx_word' id='word_1_456' title='bbox 1685 3776 1773 3850; x_wconf 89' lang='lat' dir='ltr'><strong>inde</strong></span> <span class='ocrx_word' id='word_1_457' title='bbox 1796 3794 1915 3876; x_wconf 86' lang='lat' dir='ltr'><strong>potest</strong></span> <span class='ocrx_word' id='word_1_458' title='bbox 1936 3782 2101 3878; x_wconf 67' lang='lat' dir='ltr'><strong>intmipt,</strong></span> <span class='ocrx_word' id='word_1_459' title='bbox 2167 3825 2171 3834; x_wconf 93' lang='lat'>·</span> 
     </span>
     <span class='ocr_line' id='line_1_35' title="bbox 43 3871 2189 3982; baseline 0.005 -31"><span class='ocrx_word' id='word_1_460' title='bbox 43 3881 129 3973; x_wconf 77' lang='lat' dir='ltr'><strong>plan</strong></span> <span class='ocrx_word' id='word_1_461' title='bbox 140 3879 292 3956; x_wconf 88' lang='lat' dir='ltr'><strong>navium</strong></span> <span class='ocrx_word' id='word_1_462' title='bbox 316 3897 428 3976; x_wconf 79' lang='lat' dir='ltr'><strong>quam</strong></span> <span class='ocrx_word' id='word_1_463' title='bbox 450 3889 632 3961; x_wconf 86' lang='lat' dir='ltr'><strong>caeterae,</strong></span> <span class='ocrx_word' id='word_1_464' title='bbox 664 3879 817 3974; x_wconf 84' lang='lat' dir='ltr'><strong>plusque</strong></span> <span class='ocrx_word' id='word_1_465' title='bbox 840 3879 1048 3952; x_wconf 86' lang='lat' dir='ltr'><strong>animorum</strong></span> <span class='ocrx_word' id='word_1_466' title='bbox 1098 3871 1187 3969; x_wconf 73' lang='lat' dir='ltr'><strong>utria</strong></span> <span class='ocrx_word' id='word_1_467' title='bbox 1211 3886 1247 3946; x_wconf 91' lang='lat' dir='ltr'><strong>et</strong></span> <span class='ocrx_word' id='word_1_468' title='bbox 1267 3873 1354 3948; x_wconf 82' lang='lat' dir='ltr'><strong>alibi</strong></span> <span class='ocrx_word' id='word_1_469' title='bbox 1377 3877 1483 3950; x_wconf 82' lang='lat' dir='ltr'><strong>suciis</strong></span> <span class='ocrx_word' id='word_1_470' title='bbox 1504 3879 1568 3950; x_wconf 80' lang='lat' dir='ltr'><strong>illa</strong></span> <span class='ocrx_word' id='word_1_471' title='bbox 1597 3880 1836 3973; x_wconf 84' lang='lat' dir='ltr'><strong>imperamus,</strong></span> <span class='ocrx_word' id='word_1_472' title='bbox 1872 3909 1966 3982; x_wconf 88' lang='lat' dir='ltr'><strong>quae</strong></span> <span class='ocrx_word' id='word_1_473' title='bbox 1994 3888 2100 3963; x_wconf 86' lang='lat' dir='ltr'><strong>nobis</strong></span> <span class='ocrx_word' id='word_1_474' title='bbox 2187 3871 2189 3879; x_wconf 49' lang='grc'><em>’</em></span> 
     </span>
     <span class='ocr_line' id='line_1_36' title="bbox 42 3976 2099 4086; baseline 0 -26"><span class='ocrx_word' id='word_1_475' title='bbox 42 3983 124 4060; x_wconf 76' lang='lat' dir='ltr'><strong>eine</strong></span> <span class='ocrx_word' id='word_1_476' title='bbox 139 3984 215 4060; x_wconf 82' lang='lat' dir='ltr'><strong>ulla</strong></span> <span class='ocrx_word' id='word_1_477' title='bbox 232 3979 527 4076; x_wconf 70' lang='lat' dir='ltr'><strong>tergiuersetione</strong></span> <span class='ocrx_word' id='word_1_478' title='bbox 543 3981 786 4074; x_wconf 83' lang='lat' dir='ltr'><strong>praestitimus</strong></span> <span class='ocrx_word' id='word_1_479' title='bbox 802 4007 870 4076; x_wconf 91' lang='lat' dir='ltr'><strong>pro</strong></span> <span class='ocrx_word' id='word_1_480' title='bbox 882 3982 1049 4056; x_wconf 84' lang='lat' dir='ltr'><strong>Graecia.</strong></span> <span class='ocrx_word' id='word_1_481' title='bbox 1067 3980 1070 4040; x_wconf 63' lang='lat'><strong>¹,</strong></span> <span class='ocrx_word' id='word_1_482' title='bbox 1100 3976 1205 4048; x_wconf 84' lang='lat' dir='ltr'><strong>utilia</strong></span> <span class='ocrx_word' id='word_1_483' title='bbox 1222 3989 1318 4052; x_wconf 88' lang='lat' dir='ltr'><strong>sunt.</strong></span> <span class='ocrx_word' id='word_1_484' title='bbox 1370 3976 1470 4053; x_wconf 81' lang='lat' dir='ltr'><strong>Chiis</strong></span> <span class='ocrx_word' id='word_1_485' title='bbox 1487 3995 1524 4054; x_wconf 89' lang='lat' dir='ltr'><strong>et</strong></span> <span class='ocrx_word' id='word_1_486' title='bbox 1538 3980 1676 4058; x_wconf 86' lang='lat' dir='ltr'><strong>Lesbiis</strong></span> <span class='ocrx_word' id='word_1_487' title='bbox 1696 3998 1836 4059; x_wconf 86' lang='lat' dir='ltr'><strong>tantum</strong></span> <span class='ocrx_word' id='word_1_488' title='bbox 1853 4012 1965 4063; x_wconf 82' lang='lat' dir='ltr'><strong>naves</strong></span> <span class='ocrx_word' id='word_1_489' title='bbox 1984 3991 2099 4086; x_wconf 79' lang='lat' dir='ltr'><strong>impe-</strong></span> 
     </span>
     <span class='ocr_line' id='line_1_37' title="bbox 41 4081 2099 4182; baseline 0.004 -20"><span class='ocrx_word' id='word_1_490' title='bbox 41 4084 207 4166; x_wconf 75' lang='lat' dir='ltr'><strong>Euontra</strong></span> <span class='ocrx_word' id='word_1_491' title='bbox 240 4086 302 4160; x_wconf 82' lang='lat' dir='ltr'><strong>isti</strong></span> <span class='ocrx_word' id='word_1_492' title='bbox 323 4081 394 4162; x_wconf 87' lang='lat' dir='ltr'><strong>hoc</strong></span> <span class='ocrx_word' id='word_1_493' title='bbox 414 4084 627 4182; x_wconf 82' lang='lat' dir='ltr'><strong>obsequium</strong></span> <span class='ocrx_word' id='word_1_494' title='bbox 651 4085 908 4180; x_wconf 83' lang='lat' dir='ltr'><strong>praestiterunt</strong></span> <span class='ocrx_word' id='word_1_495' title='bbox 927 4085 1050 4172; x_wconf 78' lang='lat' dir='ltr'><strong>Xerxi,</strong></span> <span class='ocrx_word' id='word_1_496' title='bbox 1069 4089 1070 4110; x_wconf 72' lang='lat'>³</span> <span class='ocrx_word' id='word_1_497' title='bbox 1100 4103 1241 4163; x_wconf 57' lang='lat' dir='ltr'><strong>ramum</strong></span> <span class='ocrx_word' id='word_1_498' title='bbox 1266 4081 1307 4152; x_wconf 88' lang='lat' dir='ltr'><strong>in</strong></span> <span class='ocrx_word' id='word_1_499' title='bbox 1322 4082 1401 4156; x_wconf 84' lang='lat' dir='ltr'><strong>aliis</strong></span> <span class='ocrx_word' id='word_1_500' title='bbox 1426 4087 1533 4159; x_wconf 75' lang='lat' dir='ltr'><strong>mbos</strong></span> <span class='ocrx_word' id='word_1_501' title='bbox 1556 4087 1761 4160; x_wconf 83' lang='lat' dir='ltr'><strong>libertatem</strong></span> <span class='ocrx_word' id='word_1_502' title='bbox 1784 4091 1835 4164; x_wconf 87' lang='lat' dir='ltr'><strong>eis</strong></span> <span class='ocrx_word' id='word_1_503' title='bbox 1858 4095 2099 4170; x_wconf 82' lang='lat' dir='ltr'><strong>concedimus.</strong></span> 
     </span>
    </p>
   </div>
   <div class='ocr_carea' id='block_1_5' title="bbox 44 4184 2228 4286">
    <p class='ocr_par' dir='ltr' id='par_1_5' title="bbox 44 4184 2228 4286">
     <span class='ocr_line' id='line_1_38' title="bbox 44 4184 2228 4286; baseline 0.003 -24"><span class='ocrx_word' id='word_1_504' title='bbox 44 4211 191 4286; x_wconf 78' lang='lat' dir='ltr'><strong>uosque</strong></span> <span class='ocrx_word' id='word_1_505' title='bbox 211 4189 320 4264; x_wconf 85' lang='lat' dir='ltr'><strong>simul</strong></span> <span class='ocrx_word' id='word_1_506' title='bbox 342 4190 537 4264; x_wconf 84' lang='lat' dir='ltr'><strong>laeserunt.</strong></span> <span class='ocrx_word' id='word_1_507' title='bbox 600 4185 730 4286; x_wconf 85' lang='lat' dir='ltr'><strong>quue</strong></span> <span class='ocrx_word' id='word_1_508' title='bbox 751 4191 924 4264; x_wconf 82' lang='lat' dir='ltr'><strong>adversus</strong></span> <span class='ocrx_word' id='word_1_509' title='bbox 944 4191 1049 4262; x_wconf 84' lang='lat' dir='ltr'><strong>Pelo·</strong></span> <span class='ocrx_word' id='word_1_510' title='bbox 1099 4185 1156 4256; x_wconf 78' lang='lat' dir='ltr'><strong>ab</strong></span> <span class='ocrx_word' id='word_1_511' title='bbox 1172 4184 1252 4257; x_wconf 85' lang='lat' dir='ltr'><strong>aliis</strong></span> <span class='ocrx_word' id='word_1_512' title='bbox 1262 4185 1391 4260; x_wconf 87' lang='lat' dir='ltr'><strong>durius</strong></span> <span class='ocrx_word' id='word_1_513' title='bbox 1405 4188 1594 4281; x_wconf 86' lang='lat' dir='ltr'><strong>pecuniam</strong></span> <span class='ocrx_word' id='word_1_514' title='bbox 1610 4188 1810 4284; x_wconf 66' lang='lat' dir='ltr'><strong>pessimum</strong></span> <span class='ocrx_word' id='word_1_515' title='bbox 1836 4192 1898 4264; x_wconf 86' lang='lat' dir='ltr'><strong>alii</strong></span> <span class='ocrx_word' id='word_1_516' title='bbox 1913 4210 1997 4267; x_wconf 88' lang='lat' dir='ltr'><strong>sunt</strong></span> <span class='ocrx_word' id='word_1_517' title='bbox 2010 4197 2100 4269; x_wconf 86' lang='lat' dir='ltr'><strong>socii</strong></span> <span class='ocrx_word' id='word_1_518' title='bbox 2219 4231 2228 4254; x_wconf 90' lang='lat'><strong>·</strong></span> 
     </span>
    </p>
   </div>
   <div class='ocr_carea' id='block_1_6' title="bbox 44 4289 2128 4596">
    <p class='ocr_par' dir='ltr' id='par_1_6' title="bbox 44 4289 2128 4596">
     <span class='ocr_line' id='line_1_39' title="bbox 44 4289 2100 4396; baseline -0.006 -24"><span class='ocrx_word' id='word_1_519' title='bbox 44 4294 245 4387; x_wconf 79' lang='lat' dir='ltr'><strong>puuueeius</strong></span> <span class='ocrx_word' id='word_1_520' title='bbox 273 4293 416 4368; x_wconf 90' lang='lat' dir='ltr'><strong>munire</strong></span> <span class='ocrx_word' id='word_1_521' title='bbox 442 4316 512 4366; x_wconf 39' lang='lat' dir='ltr'><strong>xusu</strong></span> <span class='ocrx_word' id='word_1_522' title='bbox 540 4293 747 4379; x_wconf 80' lang='lat' dir='ltr'><strong>studemus,</strong></span> <span class='ocrx_word' id='word_1_523' title='bbox 784 4317 832 4365; x_wconf 92' lang='lat' dir='ltr'><strong>ne</strong></span> <span class='ocrx_word' id='word_1_524' title='bbox 853 4292 923 4388; x_wconf 89' lang='lat' dir='ltr'><strong>ipsi</strong></span> <span class='ocrx_word' id='word_1_525' title='bbox 944 4293 1070 4386; x_wconf 24' lang='lat' dir='ltr'><strong>nobis,</strong></span> <span class='ocrx_word' id='word_1_526' title='bbox 1102 4311 1248 4388; x_wconf 87' lang='lat' dir='ltr'><strong>prorsus</strong></span> <span class='ocrx_word' id='word_1_527' title='bbox 1264 4289 1342 4360; x_wconf 88' lang='lat' dir='ltr'><strong>sine</strong></span> <span class='ocrx_word' id='word_1_528' title='bbox 1356 4291 1431 4361; x_wconf 88' lang='lat' dir='ltr'><strong>ullo</strong></span> <span class='ocrx_word' id='word_1_529' title='bbox 1449 4313 1578 4380; x_wconf 86' lang='lat' dir='ltr'><strong>onere,</strong></span> <span class='ocrx_word' id='word_1_530' title='bbox 1604 4295 1689 4390; x_wconf 89' lang='lat' dir='ltr'><strong>quia</strong></span> <span class='ocrx_word' id='word_1_531' title='bbox 1713 4306 1838 4368; x_wconf 88' lang='lat' dir='ltr'><strong>tenent</strong></span> <span class='ocrx_word' id='word_1_532' title='bbox 1861 4299 1938 4369; x_wconf 88' lang='lat' dir='ltr'><strong>loca</strong></span> <span class='ocrx_word' id='word_1_533' title='bbox 1966 4323 2100 4396; x_wconf 70' lang='lat' dir='ltr'><strong>appar.</strong></span> 
     </span>
     <span class='ocr_line' id='line_1_40' title="bbox 47 4389 2098 4497; baseline 0.006 -32"><span class='ocrx_word' id='word_1_534' title='bbox 47 4397 241 4493; x_wconf 88' lang='lat' dir='ltr'><strong>imperent.</strong></span> <span class='ocrx_word' id='word_1_535' title='bbox 292 4393 387 4470; x_wconf 81' lang='lat' dir='ltr'><strong>Iuste</strong></span> <span class='ocrx_word' id='word_1_536' title='bbox 403 4394 515 4488; x_wconf 79' lang='lat' dir='ltr'><strong>igitur</strong></span> <span class='ocrx_word' id='word_1_537' title='bbox 527 4395 721 4489; x_wconf 82' lang='lat' dir='ltr'><strong>irnperium</strong></span> <span class='ocrx_word' id='word_1_538' title='bbox 738 4397 966 4493; x_wconf 87' lang='lat' dir='ltr'><strong>quaerimus,</strong></span> <span class='ocrx_word' id='word_1_539' title='bbox 991 4397 1049 4468; x_wconf 78' lang='lat' dir='ltr'><strong>vel</strong></span> <span class='ocrx_word' id='word_1_540' title='bbox 1099 4403 1188 4462; x_wconf 74' lang='lat' dir='ltr'><strong>luna</strong></span> <span class='ocrx_word' id='word_1_541' title='bbox 1205 4389 1299 4461; x_wconf 79' lang='lat' dir='ltr'><strong>circa</strong></span> <span class='ocrx_word' id='word_1_542' title='bbox 1314 4393 1619 4488; x_wconf 83' lang='lat' dir='ltr'><strong>Peloponnesum.</strong></span> <span class='ocrx_word' id='word_1_543' title='bbox 1668 4395 1794 4497; x_wconf 84' lang='lat' dir='ltr'><strong>ltaque</strong></span> <span class='ocrx_word' id='word_1_544' title='bbox 1817 4415 2098 4476; x_wconf 84' lang='lat' dir='ltr'><strong>consentaneum</strong></span> 
     </span>
     <span class='ocr_line' id='line_1_41' title="bbox 48 4489 2128 4596; baseline 0.009 -33"><span class='ocrx_word' id='word_1_545' title='bbox 48 4503 135 4596; x_wconf 76' lang='lat' dir='ltr'><strong>quia</strong></span> <span class='ocrx_word' id='word_1_546' title='bbox 149 4501 221 4576; x_wconf 69' lang='lat' dir='ltr'><strong>soli</strong></span> <span class='ocrx_word' id='word_1_547' title='bbox 233 4501 408 4590; x_wconf 63' lang='lat' dir='ltr'><strong>barbaros</strong></span> <span class='ocrx_word' id='word_1_548' title='bbox 422 4497 680 4592; x_wconf 74' lang='lat' dir='ltr'><strong>repressimus,</strong></span> <span class='ocrx_word' id='word_1_549' title='bbox 703 4500 760 4571; x_wconf 88' lang='lat' dir='ltr'><strong>vel</strong></span> <span class='ocrx_word' id='word_1_550' title='bbox 781 4499 867 4596; x_wconf 85' lang='lat' dir='ltr'><strong>qnia</strong></span> <span class='ocrx_word' id='word_1_551' title='bbox 883 4499 1048 4593; x_wconf 82' lang='lat' dir='ltr'><strong>pericula</strong></span> <span class='ocrx_word' id='word_1_552' title='bbox 1069 4509 1070 4552; x_wconf 85' lang='grc' dir='ltr'>ἶ</span> <span class='ocrx_word' id='word_1_553' title='bbox 1100 4506 1171 4578; x_wconf 82' lang='lat' dir='ltr'><strong>est,</strong></span> <span class='ocrx_word' id='word_1_554' title='bbox 1196 4493 1236 4563; x_wconf 89' lang='lat' dir='ltr'><strong>in</strong></span> <span class='ocrx_word' id='word_1_555' title='bbox 1251 4489 1326 4580; x_wconf 82' lang='lat' dir='ltr'><strong>his,</strong></span> <span class='ocrx_word' id='word_1_556' title='bbox 1350 4495 1521 4592; x_wconf 82' lang='lat' dir='ltr'><strong>quae-hic</strong></span> <span class='ocrx_word' id='word_1_557' title='bbox 1536 4501 1696 4593; x_wconf 71' lang='lat' dir='ltr'><strong>agimus,</strong></span> <span class='ocrx_word' id='word_1_558' title='bbox 1720 4503 1829 4574; x_wconf 78' lang='lat' dir='ltr'><strong>etiam</strong></span> <span class='ocrx_word' id='word_1_559' title='bbox 1849 4499 1917 4578; x_wconf 81' lang='lat' dir='ltr'><strong>itus</strong></span> <span class='ocrx_word' id='word_1_560' title='bbox 1933 4506 2099 4582; x_wconf 73' lang='lat' dir='ltr'><strong>utilitatis</strong></span> <span class='ocrx_word' id='word_1_561' title='bbox 2123 4542 2128 4552; x_wconf 92' lang='lat'><em>·</em></span> 
     </span>
    </p>
   </div>
   <div class='ocr_carea' id='block_1_7' title="bbox 47 4593 2219 4704">
    <p class='ocr_par' dir='ltr' id='par_1_7' title="bbox 47 4593 2219 4704">
     <span class='ocr_line' id='line_1_42' title="bbox 47 4593 2219 4704; baseline 0.002 -26"><span class='ocrx_word' id='word_1_562' title='bbox 47 4605 304 4692; x_wconf 71' lang='lat' dir='ltr'><strong>sustinuimus,</strong></span> <span class='ocrx_word' id='word_1_563' title='bbox 332 4601 447 4695; x_wconf 67' lang='lat' dir='ltr'><strong>magis</strong></span> <span class='ocrx_word' id='word_1_564' title='bbox 468 4614 618 4696; x_wconf 88' lang='lat' dir='ltr'><strong>propter</strong></span> <span class='ocrx_word' id='word_1_565' title='bbox 632 4602 984 4697; x_wconf 84' lang='lat' dir='ltr'><strong>Peloponnesiorum</strong></span> <span class='ocrx_word' id='word_1_566' title='bbox 1006 4603 1049 4672; x_wconf 89' lang='lat' dir='ltr'><strong>li·</strong></span> <span class='ocrx_word' id='word_1_567' title='bbox 1099 4596 1279 4669; x_wconf 82' lang='lat' dir='ltr'><strong>rationem</strong></span> <span class='ocrx_word' id='word_1_568' title='bbox 1294 4593 1483 4674; x_wconf 84' lang='lat' dir='ltr'><strong>habituros</strong></span> <span class='ocrx_word' id='word_1_569' title='bbox 1500 4627 1595 4690; x_wconf 85' lang='lat' dir='ltr'><strong>esse,</strong></span> <span class='ocrx_word' id='word_1_570' title='bbox 1630 4619 1666 4677; x_wconf 86' lang='lat' dir='ltr'><strong>ct</strong></span> <span class='ocrx_word' id='word_1_571' title='bbox 1688 4607 1978 4704; x_wconf 63' lang='lat' dir='ltr'><strong>praedicimus,</strong></span> <span class='ocrx_word' id='word_1_572' title='bbox 2010 4611 2097 4682; x_wconf 85' lang='lat' dir='ltr'><strong>inde</strong></span> <span class='ocrx_word' id='word_1_573' title='bbox 2205 4634 2219 4652; x_wconf 66' lang='lat'><strong>,</strong></span> 
     </span>
    </p>
   </div>
   <div class='ocr_carea' id='block_1_8' title="bbox 46 4699 2099 5529">
    <p class='ocr_par' dir='ltr' id='par_1_8' title="bbox 46 4699 2099 5320">
     <span class='ocr_line' id='line_1_43' title="bbox 46 4699 2097 4808; baseline 0.001 -25"><span class='ocrx_word' id='word_1_574' title='bbox 46 4707 223 4800; x_wconf 79' lang='lat' dir='ltr'><strong>bertateru</strong></span> <span class='ocrx_word' id='word_1_575' title='bbox 241 4732 353 4804; x_wconf 89' lang='lat' dir='ltr'><strong>quam</strong></span> <span class='ocrx_word' id='word_1_576' title='bbox 366 4718 518 4800; x_wconf 88' lang='lat' dir='ltr'><strong>propter</strong></span> <span class='ocrx_word' id='word_1_577' title='bbox 532 4718 706 4779; x_wconf 86' lang='lat' dir='ltr'><strong>nostram.</strong></span> <span class='ocrx_word' id='word_1_578' title='bbox 763 4704 900 4778; x_wconf 87' lang='lat' dir='ltr'><strong>lustum</strong></span> <span class='ocrx_word' id='word_1_579' title='bbox 918 4720 972 4780; x_wconf 86' lang='lat' dir='ltr'><strong>est</strong></span> <span class='ocrx_word' id='word_1_580' title='bbox 986 4729 1049 4778; x_wconf 93' lang='lat' dir='ltr'><strong>au-</strong></span> <span class='ocrx_word' id='word_1_581' title='bbox 1098 4699 1288 4787; x_wconf 86' lang='lat' dir='ltr'><strong>oriuntur,</strong></span> <span class='ocrx_word' id='word_1_582' title='bbox 1315 4703 1653 4800; x_wconf 80' lang='lat' dir='ltr'><strong>quiaSyracueanos</strong></span> <span class='ocrx_word' id='word_1_583' title='bbox 1666 4705 1873 4786; x_wconf 85' lang='lat' dir='ltr'><strong>metuimus.</strong></span> <span class='ocrx_word' id='word_1_584' title='bbox 1914 4708 2097 4808; x_wconf 85' lang='lat' dir='ltr'><strong>imperare</strong></span> 
     </span>
     <span class='ocr_line' id='line_1_44' title="bbox 48 4803 2097 4912; baseline 0.002 -28"><span class='ocrx_word' id='word_1_585' title='bbox 48 4823 126 4900; x_wconf 78' lang='lat' dir='ltr'><strong>terp</strong></span> <span class='ocrx_word' id='word_1_586' title='bbox 138 4837 318 4909; x_wconf 75' lang='lat' dir='ltr'><strong>quemque</strong></span> <span class='ocrx_word' id='word_1_587' title='bbox 334 4833 420 4905; x_wconf 79' lang='lat' dir='ltr'><strong>suae</strong></span> <span class='ocrx_word' id='word_1_588' title='bbox 436 4807 542 4884; x_wconf 85' lang='lat' dir='ltr'><strong>saluti</strong></span> <span class='ocrx_word' id='word_1_589' title='bbox 559 4809 765 4896; x_wconf 85' lang='lat' dir='ltr'><strong>consulere,</strong></span> <span class='ocrx_word' id='word_1_590' title='bbox 797 4834 950 4907; x_wconf 84' lang='lat' dir='ltr'><strong>cumque</strong></span> <span class='ocrx_word' id='word_1_591' title='bbox 974 4809 1047 4881; x_wconf 89' lang='lat' dir='ltr'><strong>iam</strong></span> <span class='ocrx_word' id='word_1_592' title='bbox 1096 4803 1199 4876; x_wconf 87' lang='lat' dir='ltr'><strong>euim</strong></span> <span class='ocrx_word' id='word_1_593' title='bbox 1214 4805 1316 4877; x_wconf 84' lang='lat' dir='ltr'><strong>vobis</strong></span> <span class='ocrx_word' id='word_1_594' title='bbox 1338 4819 1374 4877; x_wconf 89' lang='lat' dir='ltr'><strong>et</strong></span> <span class='ocrx_word' id='word_1_595' title='bbox 1396 4809 1463 4879; x_wconf 88' lang='lat' dir='ltr'><strong>toti</strong></span> <span class='ocrx_word' id='word_1_596' title='bbox 1480 4805 1623 4881; x_wconf 78' lang='lat' dir='ltr'><strong>Siciliae</strong></span> <span class='ocrx_word' id='word_1_597' title='bbox 1644 4825 1842 4899; x_wconf 83' lang='lat' dir='ltr'><strong>conantur,</strong></span> <span class='ocrx_word' id='word_1_598' title='bbox 1869 4839 1990 4912; x_wconf 85' lang='lat' dir='ltr'><strong>ecque</strong></span> <span class='ocrx_word' id='word_1_599' title='bbox 2012 4839 2097 4888; x_wconf 85' lang='lat' dir='ltr'><strong>con·</strong></span> 
     </span>
     <span class='ocr_line' id='line_1_45' title="bbox 47 4905 2099 5011; baseline 0.002 -25"><span class='ocrx_word' id='word_1_600' title='bbox 47 4909 120 5002; x_wconf 76' lang='lat' dir='ltr'><strong>huc</strong></span> <span class='ocrx_word' id='word_1_601' title='bbox 136 4917 340 5006; x_wconf 69' lang='lat' dir='ltr'><strong>venerimus</strong></span> <span class='ocrx_word' id='word_1_602' title='bbox 355 4923 494 4985; x_wconf 73' lang='lat' dir='ltr'><strong>restrae</strong></span> <span class='ocrx_word' id='word_1_603' title='bbox 510 4911 711 5002; x_wconf 78' lang='lat' dir='ltr'><strong>securitatis</strong></span> <span class='ocrx_word' id='word_1_604' title='bbox 725 4937 851 4999; x_wconf 84' lang='lat' dir='ltr'><strong>causa,</strong></span> <span class='ocrx_word' id='word_1_605' title='bbox 878 4926 914 4986; x_wconf 91' lang='lat' dir='ltr'><strong>et</strong></span> <span class='ocrx_word' id='word_1_606' title='bbox 927 4905 1049 4984; x_wconf 80' lang='lat' dir='ltr'><strong>videa-</strong></span> <span class='ocrx_word' id='word_1_607' title='bbox 1099 4909 1210 4980; x_wconf 85' lang='lat' dir='ltr'><strong>citare</strong></span> <span class='ocrx_word' id='word_1_608' title='bbox 1223 4931 1301 4994; x_wconf 87' lang='lat' dir='ltr'><strong>vos,</strong></span> <span class='ocrx_word' id='word_1_609' title='bbox 1322 4921 1363 4980; x_wconf 92' lang='lat' dir='ltr'><strong>ut</strong></span> <span class='ocrx_word' id='word_1_610' title='bbox 1377 4913 1471 4982; x_wconf 89' lang='lat' dir='ltr'><strong>maie</strong></span> <span class='ocrx_word' id='word_1_611' title='bbox 1487 4915 1532 4984; x_wconf 88' lang='lat' dir='ltr'><strong>de</strong></span> <span class='ocrx_word' id='word_1_612' title='bbox 1546 4915 1650 4986; x_wconf 85' lang='lat' dir='ltr'><strong>nobis</strong></span> <span class='ocrx_word' id='word_1_613' title='bbox 1664 4910 1909 5011; x_wconf 83' lang='lat' dir='ltr'><strong>¹suspicemini,</strong></span> <span class='ocrx_word' id='word_1_614' title='bbox 1932 4933 1973 4991; x_wconf 89' lang='lat' dir='ltr'><strong>ut</strong></span> <span class='ocrx_word' id='word_1_615' title='bbox 1986 4921 2099 4993; x_wconf 87' lang='lat' dir='ltr'><strong>disce·</strong></span> 
     </span>
     <span class='ocr_line' id='line_1_46' title="bbox 51 5011 2097 5116; baseline 0.004 -30"><span class='ocrx_word' id='word_1_616' title='bbox 51 5043 151 5106; x_wconf 89' lang='lat' dir='ltr'><strong>mus,</strong></span> <span class='ocrx_word' id='word_1_617' title='bbox 184 5043 276 5116; x_wconf 87' lang='lat' dir='ltr'><strong>quae</strong></span> <span class='ocrx_word' id='word_1_618' title='bbox 297 5017 401 5088; x_wconf 81' lang='lat' dir='ltr'><strong>vobis</strong></span> <span class='ocrx_word' id='word_1_619' title='bbox 424 5018 651 5102; x_wconf 90' lang='lat' dir='ltr'><strong>conducunt,</strong></span> <span class='ocrx_word' id='word_1_620' title='bbox 693 5019 943 5104; x_wconf 87' lang='lat' dir='ltr'><strong>ostendemus,</strong></span> <span class='ocrx_word' id='word_1_621' title='bbox 984 5041 1048 5090; x_wconf 91' lang='lat' dir='ltr'><strong>cur</strong></span> <span class='ocrx_word' id='word_1_622' title='bbox 1099 5014 1227 5083; x_wconf 85' lang='lat' dir='ltr'><strong>damus</strong></span> <span class='ocrx_word' id='word_1_623' title='bbox 1252 5011 1442 5085; x_wconf 86' lang='lat' dir='ltr'><strong>reinserta</strong></span> <span class='ocrx_word' id='word_1_624' title='bbox 1466 5040 1530 5088; x_wconf 89' lang='lat' dir='ltr'><strong>sen</strong></span> <span class='ocrx_word' id='word_1_625' title='bbox 1553 5013 1746 5105; x_wconf 78' lang='lat' dir='ltr'><strong>coacti&#39;vi,</strong></span> <span class='ocrx_word' id='word_1_626' title='bbox 1772 5022 2097 5094; x_wconf 77' lang='lat' dir='ltr'><strong>smuesatiavo-</strong></span> 
     </span>
     <span class='ocr_line' id='line_1_47' title="bbox 52 5113 2097 5220; baseline 0.006 -30"><span class='ocrx_word' id='word_1_627' title='bbox 52 5118 184 5196; x_wconf 86' lang='lat' dir='ltr'><strong>illinus</strong></span> <span class='ocrx_word' id='word_1_628' title='bbox 199 5121 454 5206; x_wconf 86' lang='lat' dir='ltr'><strong>criminentur,</strong></span> <span class='ocrx_word' id='word_1_629' title='bbox 481 5133 641 5216; x_wconf 87' lang='lat' dir='ltr'><strong>etquare</strong></span> <span class='ocrx_word' id='word_1_630' title='bbox 663 5146 728 5193; x_wconf 87' lang='lat' dir='ltr'><strong>vos</strong></span> <span class='ocrx_word' id='word_1_631' title='bbox 752 5123 796 5193; x_wconf 90' lang='lat' dir='ltr'><strong>de</strong></span> <span class='ocrx_word' id='word_1_632' title='bbox 822 5119 926 5194; x_wconf 89' lang='lat' dir='ltr'><strong>nubis</strong></span> <span class='ocrx_word' id='word_1_633' title='bbox 948 5146 1048 5195; x_wconf 88' lang='lat' dir='ltr'><strong>secus</strong></span> <span class='ocrx_word' id='word_1_634' title='bbox 1098 5117 1165 5188; x_wconf 73' lang='lat' dir='ltr'><strong>bis·</strong></span> <span class='ocrx_word' id='word_1_635' title='bbox 1234 5113 1461 5190; x_wconf 84' lang='lat' dir='ltr'><strong>Obtinebunt</strong></span> <span class='ocrx_word' id='word_1_636' title='bbox 1483 5132 1603 5192; x_wconf 83' lang='lat' dir='ltr'><strong>autem</strong></span> <span class='ocrx_word' id='word_1_637' title='bbox 1629 5121 1840 5215; x_wconf 83' lang='lat' dir='ltr'><strong>imperium,</strong></span> <span class='ocrx_word' id='word_1_638' title='bbox 1873 5124 1903 5195; x_wconf 86' lang='lat' dir='ltr'><strong>si</strong></span> <span class='ocrx_word' id='word_1_639' title='bbox 1925 5149 1991 5197; x_wconf 84' lang='lat' dir='ltr'><strong>vos</strong></span> <span class='ocrx_word' id='word_1_640' title='bbox 2009 5126 2097 5220; x_wconf 83' lang='lat' dir='ltr'><strong>ipsis</strong></span> 
     </span>
     <span class='ocr_line' id='line_1_48' title="bbox 54 5217 2096 5320; baseline 0.001 -20"><span class='ocrx_word' id='word_1_641' title='bbox 54 5287 257 5300; x_wconf 51' lang='lat' dir='ltr'><strong>„m-</strong></span> <span class='ocrx_word' id='word_1_642' title='bbox 1097 5217 1377 5308; x_wconf 78' lang='lat' dir='ltr'><strong>coniunxeritis,</strong></span> <span class='ocrx_word' id='word_1_643' title='bbox 1417 5223 1502 5320; x_wconf 79' lang='lat' dir='ltr'><strong>quia</strong></span> <span class='ocrx_word' id='word_1_644' title='bbox 1531 5247 1599 5297; x_wconf 85' lang='lat' dir='ltr'><strong>nos</strong></span> <span class='ocrx_word' id='word_1_645' title='bbox 1629 5225 1829 5318; x_wconf 87' lang='lat' dir='ltr'><strong>potentiam</strong></span> <span class='ocrx_word' id='word_1_646' title='bbox 1859 5239 1995 5298; x_wconf 86' lang='lat' dir='ltr'><strong>tantam</strong></span> <span class='ocrx_word' id='word_1_647' title='bbox 2018 5251 2096 5302; x_wconf 87' lang='lat' dir='ltr'><strong>nun</strong></span> 
     </span>
    </p>

    <p class='ocr_par' dir='ltr' id='par_1_9' title="bbox 81 5318 2097 5432">
     <span class='ocr_line' id='line_1_49' title="bbox 81 5318 2097 5432; baseline 0 -27"><span class='ocrx_word' id='word_1_648' title='bbox 81 5361 131 5432; x_wconf 61' lang='lat' dir='ltr'><strong>aa)</strong></span> <span class='ocrx_word' id='word_1_649' title='bbox 149 5346 272 5426; x_wconf 47' lang='lat' dir='ltr'><strong>mayn</strong></span> <span class='ocrx_word' id='word_1_650' title='bbox 287 5363 336 5430; x_wconf 81' lang='lat' dir='ltr'><strong>vt,</strong></span> <span class='ocrx_word' id='word_1_651' title='bbox 353 5361 480 5416; x_wconf 50' lang='grc' dir='ltr'><strong>μη,</strong></span> <span class='ocrx_word' id='word_1_652' title='bbox 1068 5318 1332 5412; x_wconf 76' lang='lat' dir='ltr'><strong>liabebimus,</strong></span> <span class='ocrx_word' id='word_1_653' title='bbox 1379 5349 1471 5422; x_wconf 89' lang='lat' dir='ltr'><strong>quae</strong></span> <span class='ocrx_word' id='word_1_654' title='bbox 1499 5350 1575 5398; x_wconf 90' lang='lat' dir='ltr'><strong>non</strong></span> <span class='ocrx_word' id='word_1_655' title='bbox 1607 5329 1720 5422; x_wconf 84' lang='lat' dir='ltr'><strong>possit</strong></span> <span class='ocrx_word' id='word_1_656' title='bbox 1751 5324 1930 5423; x_wconf 85' lang='lat' dir='ltr'><strong>opprimi,</strong></span> <span class='ocrx_word' id='word_1_657' title='bbox 1978 5357 2097 5430; x_wconf 85' lang='lat' dir='ltr'><strong>neque</strong></span> 
     </span>
    </p>

    <p class='ocr_par' dir='ltr' id='par_1_10' title="bbox 84 5428 2098 5529">
     <span class='ocr_line' id='line_1_50' title="bbox 84 5428 2098 5529; baseline -0 -20"><span class='ocrx_word' id='word_1_658' title='bbox 84 5467 132 5529; x_wconf 70' lang='lat' dir='ltr'><strong>ee)</strong></span> <span class='ocrx_word' id='word_1_659' title='bbox 148 5465 295 5529; x_wconf 59' lang='lat' dir='ltr'><strong>mm]</strong></span> <span class='ocrx_word' id='word_1_660' title='bbox 302 5461 362 5518; x_wconf 61' lang='grc' dir='ltr'><strong>ια,</strong></span> <span class='ocrx_word' id='word_1_661' title='bbox 375 5465 451 5521; x_wconf 68' lang='lat' dir='ltr'><strong>ms,</strong></span> <span class='ocrx_word' id='word_1_662' title='bbox 473 5473 571 5517; x_wconf 77' lang='lat' dir='ltr'><strong>encra</strong></span> <span class='ocrx_word' id='word_1_663' title='bbox 585 5465 718 5529; x_wconf 46' lang='lat' dir='ltr'><strong>ayma,</strong></span> <span class='ocrx_word' id='word_1_664' title='bbox 735 5463 860 5518; x_wconf 59' lang='lat' dir='ltr'><strong>prm,</strong></span> <span class='ocrx_word' id='word_1_665' title='bbox 1100 5429 1153 5501; x_wconf 86' lang='lat' dir='ltr'><strong>illi</strong></span> <span class='ocrx_word' id='word_1_666' title='bbox 1166 5428 1320 5502; x_wconf 85' lang='lat' dir='ltr'><strong>invalidi</strong></span> <span class='ocrx_word' id='word_1_667' title='bbox 1337 5431 1505 5508; x_wconf 85' lang='lat' dir='ltr'><strong>adversus</strong></span> <span class='ocrx_word' id='word_1_668' title='bbox 1519 5455 1584 5506; x_wconf 80' lang='lat' dir='ltr'><strong>vos</strong></span> <span class='ocrx_word' id='word_1_669' title='bbox 1600 5444 1726 5518; x_wconf 84' lang='lat' dir='ltr'><strong>erunt,</strong></span> <span class='ocrx_word' id='word_1_670' title='bbox 1750 5433 1862 5507; x_wconf 85' lang='lat' dir='ltr'><strong>sinos</strong></span> <span class='ocrx_word' id='word_1_671' title='bbox 1884 5458 1905 5504; x_wconf 91' lang='lat' dir='ltr'><strong>a</strong></span> <span class='ocrx_word' id='word_1_672' title='bbox 1926 5436 2030 5508; x_wconf 81' lang='lat' dir='ltr'><strong>vehis</strong></span> <span class='ocrx_word' id='word_1_673' title='bbox 2044 5460 2098 5509; x_wconf 68' lang='lat' dir='ltr'><strong>se</strong></span> 
     </span>
    </p>
   </div>
   <div class='ocr_carea' id='block_1_9' title="bbox 0 0 2343 5796">
    <p class='ocr_par' dir='ltr' id='par_1_11' title="bbox 0 0 2343 5796">
     <span class='ocr_line' id='line_1_51' title="bbox 0 0 2343 5796; baseline 0 0"><span class='ocrx_word' id='word_1_674' title='bbox 0 0 2343 5796; x_wconf 95' lang='lat' dir='ltr'><strong> </strong></span> 
     </span>
    </p>
   </div>
  </div>
 </body>
</html>
