4696 5802
234 235 283 310 19
321 333 325 341 .

240 403 400 478 habeant
412 414 597 484 autorem,
631 421 738 494 quem
753 419 817 470 sua
831 395 951 494 secula
968 408 1158 488 parentem
1172 391 1244 464 La-

245 507 344 580 tinae
365 505 508 597 linguae
534 501 827 576 nominaverunt.
878 499 950 572 Sed
971 495 1041 570 hoc
1061 496 1243 591 p'rincipio

175 696 183 710 ἱ
247 608 437 702 diligenter
452 608 652 678 monendus
667 617 719 676 est
734 605 867 688 lector,
894 602 1183 699 quidexpectare
1205 599 1243 668 in

248 711 305 788 bis
319 710 494 806 epistolis,
521 723 557 780 et
573 733 681 804 quam
697 707 889 779 utilitatem
905 731 949 778 ex
962 705 1104 778 illarum
1121 701 1244 774 lectio-

148 807 152 814 ’
244 841 296 902 ηε
314 815 453 886 auferre
476 814 615 886 debeat.

353 917 517 990 Primum
536 939 620 1006 ergo
637 907 706 982 hoc
719 910 905 984 sciendum
928 924 1001 995 est,
1026 906 1092 981 has
1114 908 1245 1003 episto-

251 1023 305 1094 las
337 1033 486 1116 propter
522 1041 634 1110 genus
672 1015 839 1087 dictionis
866 1015 1020 1086 maxime
1053 1011 1244 1084 convenire

251 1123 360 1195 etiam
384 1123 523 1216 primae
546 1118 667 1190 aetati.
732 1117 797 1188 Est
827 1117 924 1188 enim
954 1116 1063 1189 dictio
1095 1117 1245 1186 omnino

238 1225 421 1319 simplex,
462 1247 555 1320 quae
583 1245 660 1292 non
688 1219 840 1314 assurgit
858 1245 967 1314 supra
993 1219 1245 1316 quotidianam

251 1327 426 1424 loquendi
441 1324 754 1408 consuetudinem,
781 1338 817 1395 et
834 1314 1093 1417 proprielatem
1111 1345 1247 1394 sermo·

251 1431 308 1504 nis
329 1455 459 1524 magna
482 1427 719 1504 sollicitudine
744 1427 908 1499 custodit.
974 1426 1096 1520 Quare
1123 1428 1247 1496 admo-

253 1537 341 1632 dum
362 1544 516 1627 prosunt
545 1531 716 1625 epistolae
737 1532 794 1601 ‚ad
816 1529 984 1603 Latinam
1008 1530 1168 1621 linguam
1194 1527 1248 1598 di·

251 1639 440 1721 scendam,
466 1634 565 1707 cuius
581 1659 662 1706 cum
679 1657 754 1704 non
770 1635 815 1705 sit
831 1658 915 1705 usus
929 1631 1161 1716 vernaculus,
1190 1655 1247 1701 re-

254 1738 408 1812 ctissime
443 1762 485 1808 ac
516 1737 666 1808 feliciter
702 1761 745 1807 ex
781 1761 855 1808 uno
887 1735 1060 1806 Cicerone
1088 1733 1247 1806 discitur.

255 1841 427 1916 Consistit
444 1853 564 1912 autem
582 1839 738 1931 cognitio
753 1837 905 1909 Latinae
922 1839 1064 1930 linguae
1081 1862 1156 1908 non
1170 1849 1249 1906 tan-

221 2023 226 2028 ,
255 1943 537 2036 tuminsinguh's
546 1942 741 2027 vocabulis,
761 1941 940 2014 sedetiam
956 1941 995 2012 in
1008 1966 1136 2012 vocum
1152 1965 1249 2009 com-

256 2048 436 2144 positione
452 2069 514 2118 seu
528 2041 671 2137 phrasi,
703 2045 742 2114 in
759 2071 831 2141 qua
848 2069 886 2116 rc
905 2045 1059 2115 maxime
1080 2043 1249 2121 laboran-

257 2153 344 2224 dum
362 2164 414 2224 est
427 2149 568 2244 pueris,
592 2163 633 2220 ut
648 2148 820 2219 vocabula
844 2148 1026 2219 vocabulis
1046 2160 1142 2217 recte
1166 2169 1250 2215 con-

257 2256 420 2348 iungant.
456 2290 462 2304 »
483 2252 610 2346 Neque
632 2250 728 2320 enim
753 2263 909 2336 temere,
944 2249 1247 2346 quemadmodum

251 2358 297 2450 ,in
318 2369 476 2428 mentem
501 2354 668 2438 veniunt,
695 2355 914 2424 contexenda
930 2367 1031 2438 sunt,
1057 2366 1248 2447 propterea

180 2455 182 2462 ’
258 2460 358 2557 quod
385 2457 576 2529 inusitatus
598 2457 792 2528 verborum
818 2477 1009 2528 concursus
1037 2481 1113 2527 non
1133 2455 1248 2526 solum

191 2647 195 2654 ¹
259 2563 462 2638 orationem
492 2561 680 2631 obscuram
711 2561 859 2646 efficiat,
904 2561 966 2632 sed
996 2561 1115 2652 pariat
1143 2558 1250 2629 etiam

258 2690 406 2762 prorsus
428 2687 562 2734 novam
583 2663 755 2754 lingnam.

360 2765 472 2859 Igitur
485 2761 555 2836 hoc
569 2766 772 2836 laciendum
789 2777 853 2848 cst,
870 2776 912 2834 ut
924 2787 1093 2856 magnam
1110 2761 1250 2855 copiam

256 2869 434 2949 sermonis
457 2868 681 2960 grammatici
696 2869 921 2962 inpromptu
945 2863 1123 2951 habeant,
1154 2878 1190 2936 et
1214 2864 1252 2934 in

175 2961 182 2980 ⁸
258 2973 407 3066 singulis
422 2972 581 3066 epistolis
598 2971 790 3044 observent
801 2965 948 3064 phrases
962 2983 998 3040 et
1019 2994 1148 3040 vocum
1169 2992 1253 3039 con-

259 3076 480 3160 iunctiones,
519 3098 674 3172 quarum
703 3077 838 3147 multae
866 3073 1016 3144 subinde
1048 3085 1252 3156 occurrunt,

150 3201 154 3218 ·
262 3192 298 3256 et
322 3202 381 3251 eas
403 3190 505 3248 tanta
528 3200 611 3248 cura
628 3178 766 3247 discant
781 3177 991 3260 observare,
1015 3189 1056 3248 ut
1069 3176 1252 3268 scripturis

261 3284 358 3358 ultro
376 3293 576 3353 occurrant.
610 3279 735 3374 Neque
752 3292 805 3348 est
820 3278 892 3348 ulla
907 3277 1024 3346 maior
1035 3277 1125 3363 laus,
1144 3301 1251 3372 quam

261 3385 418 3503 propriis
433 3383 549 3454 verbis
563 3406 619 3453 res
635 3383 811 3476 explicare
828 3405 951 3474 posse,
978 3392 1014 3450 et
1033 3403 1074 3450 ea
1098 3381 1152 3451 uti
1173 3404 1254 3450 ora-

261 3489 371 3560 tionis
390 3496 585 3570 structura,
613 3509 704 3580 quae
722 3485 870 3554 minime
894 3479 1065 3553 abhorret
1088 3481 1252 3552 aLatina

264 3587 533 3662 consuetudine.
583 3587 720 3658 Eadem
738 3611 822 3658 cura
846 3611 919 3658 esse
943 3587 1048 3655 debet
1071 3584 1109 3653 in
1133 3587 1252 3656 obser-

263 3694 391 3766 vandis
414 3686 653 3786 metaphoris,
696 3691 825 3785 quibus
853 3690 1059 3784 frequenter
1081 3687 1196 3759 utitur'
1215 3689 1253 3757 in

264 3793 320 3868 his
340 3795 516 3888 epistolis,
558 3819 650 3890 quae
678 3793 760 3864 ideo
782 3793 999 3886 singularem
1022 3787 1157 3862 habent
1178 3793 1254 3861 lau-

263 3902 366 3984 dem,
399 3899 497 3992 quod
519 3921 593 3965 non
615 3896 743 3989 procul
762 3898 972 3978 accersitae,
1006 3897 1069 3965 sed
1092 3907 1253 3987 sumptae

234 4067 238 4077 ,
264 4015 412 4074 suntor
437 4000 648 4094 quotidiano
672 4021 850 4068 sermone.
910 3996 989 4066 Hoc
1011 3999 1170 4089 primum
1192 4011 1254 4081 est,

267 4107 364 4202 quod
380 4116 500 4194 petere
516 4103 620 4196 pueri
634 4102 765 4172 debent
778 4125 821 4171 ex
840 4100 993 4170 lectione
1011 4101 1254 4191 epistolarum,

266 4220 308 4282 ut
330 4207 438 4278 verba
459 4204 610 4290 Latina,
640 4199 792 4298 phrasin
813 4216 849 4274 et
866 4198 1110 4296 metaphoras.
1161 4203 1253 4274 Nam

268 4333 310 4382 ea
342 4308 524 4401 diligentia
554 4312 699 4380 tandem
726 4303 824 4377 hunc
850 4305 976 4375 afferet
999 4307 1176 4390 fructum,
1216 4320 1254 4376 ut

268 4415 385 4486 oratio
402 4412 551 4484 subinde
566 4412 628 4480 liat
642 4409 810 4504 planior,
837 4409 1063 4504 aequabilior
1087 4422 1122 4479 et
1143 4409 1255 4501 magis

265 4519 466 4616 pnrspicua.

197 4705 202 4716 1
369 4619 553 4702 Secundo,
590 4627 743 4710 prosunt
764 4615 934 4708 epistolae
956 4614 1003 4683 ad
1026 4615 1254 4686 formandum

150 4791 156 4800 .
268 4724 411 4818 stylum.
463 4721 547 4794 Non
563 4719 657 4789 enim
676 4718 761 4789 satis
778 4730 830 4788 est
847 4717 1049 4798 orationem
1071 4741 1144 4788 esse
1159 4715 1256 4787 Lati-

201 4845 208 4858 ·
268 4821 375 4910 nain,
401 4827 462 4896 sed
478 4832 623 4916 oportet
639 4821 746 4892 etiam
761 4821 852 4892 bene
867 4843 907 4889 ac
926 4820 1116 4912 diligenter
1139 4821 1257 4914 dispo-

267 4930 373 5003 sitam
389 4953 473 5000 esse.
517 4927 642 5019 Neque
659 4925 753 4994 enim
771 4937 904 4994 temere
920 4923 958 4991 in
971 4923 1158 4994 scribendo
1172 4948 1256 4993 eun-

268 5035 355 5104 dum
371 5045 442 5115 est,
465 5042 507 5100 ut
525 5029 565 5098 in
585 5027 779 5120 proverbio
802 5025 953 5110 dicitur,
985 5051 1056 5121 quo
1077 5029 1185 5119 pedes
1208 5027 1257 5096 fe-

267 5149 363 5207 runt.
412 5132 466 5203 Ex
480 5131 638 5226 epistolis
656 5130 766 5222 igitur
779 5130 892 5202 multa
908 5129 1067 5222 exempla
1084 5132 1256 5201 sumenda

263 5252 348 5312 sunt
362 5235 663 5309 instituendarum
679 5231 937 5324 cogitationum
960 5244 994 5302 et
1014 5231 1257 5325 disponendae

263 5341 456 5425 orationis,
491 5339 591 5410 cuius
613 5335 845 5430 praecipuam
866 5359 988 5406 curam
1013 5331 1178 5408 habuisse
1200 5334 1258 5405 Ci-

262 5467 429 5516 ceronem
453 5441 611 5535 res'ipsa
639 5439 805 5513 ostendit.
872 5439 972 5512 Sicut
996 5450 1117 5511 autem
1143 5440 1258 5511 multo

133 5694 272 5758 A

808 219 934 298 Ptin..
967 145 1083 296 aina.
1116 215 1322 304 SCRIPTA
1361 213 1703 295 PHILOLOGICA.
1853 238 1858 264 ⁸
1969 253 1979 260 ·
2246 227 2292 298 20

1295 393 1423 466 melius
1444 393 1581 487 pingit,
1618 391 1682 490 qui
1704 391 1869 464 imitatur
1891 397 2045 466 manum
2070 386 2221 462 alicuius
2243 416 2295 462 ex·

1296 497 1454 570 cellentis
1469 495 1632 582 artificis,
1656 497 1706 567 ita
1724 495 1851 569 melius
1871 508 2096 591 component
2119 495 2292 587 epistolas,

1297 614 1332 671 et
1347 599 1478 672 rectius
1501 597 1744 672 cohaerebunt
1761 594 1902 687 omnia,
1934 602 1965 674 si
1988 604 2037 673 ad
2063 601 2221 670 formam
2239 599 2291 668 Ci-

1297 703 1437 776 ceronis
1452 703 1602 776 studiosi
1617 728 1653 775 se
1670 703 1938 792 assuefecerint,
1965 730 2060 801 quae
2077 699 2190 772 habet
2206 701 2291 794 opti-

1296 831 1354 876 ma
1379 808 1538 900 exempla
1563 809 1814 894 exordiorum,
1845 809 2125 890 narrationum,
2152 817 2290 874 conten·

1298 911 1438 980 donum
1453 923 1488 980 et
1503 910 1752 983 conclusionis.
2051 919 2063 938 ⁴

1399 1013 1497 1083 Haec
1527 1015 1689 1107 exempla
1714 1038 1863 1084 monere
1889 1027 1924 1085 et
1943 1037 2075 1086 acuere
2084 1011 2133 1110 ¹³)
2163 1011 2292 1082 studio-

1297 1141 1377 1188 sum
1402 1117 1553 1202 debent,
1585 1130 1628 1186 ut
1652 1118 1816 1190 observet
1838 1118 2037 1210 plurimum
2061 1119 2198 1188 referre
2220 1137 2291 1182 ora-

1297 1219 1435 1290 tionem
1457 1231 1555 1291 certo
1579 1221 1705 1292 ordine
1728 1245 1768 1290 ac
1789 1222 1860 1291 fine
1882 1235 2070 1307 constare,
2099 1219 2290 1312 etquidem

1298 1322 1484 1416 scripturis
1500 1335 1634 1394 certam
1651 1325 1747 1394 viam
1764 1325 2014 1396 demonstrant
2038 1319 2221 1395 tractandi
2242 1341 2292 1388 ar-

1299 1439 1467 1518 gumenta
1490 1427 1701 1513 artificiose,
1735 1437 1775 1497 ut
1797 1427 1961 1500 videlicet
1982 1429 2147 1522 primum
2171 1427 2291 1496 decore

1301 1529 1501 1612 ordiantur,
1527 1543 1649 1622 postea
1666 1529 1851 1622 perspicue
1866 1545 2028 1618 narrent,
2048 1531 2181 1602 deinde
2198 1529 2292 1597 c'aute

1300 1631 1514 1731 pugnent¹⁴)
1532 1656 1676 1730 quoque
1693 1647 1728 1704 et
1744 1635 1791 1703 ad
1814 1647 2010 1706 extremum
2033 1635 2197 1728 graviter
2221 1651 2292 1698 ora-

1301 1735 1437 1806 tionem
1460 1735 1600 1834 liniant.

1402 1838 1548 1923 Tertio,
1573 1837 1739 1930 inprimis
1752 1852 1906 1931 prosunt
1926 1843 1971 1911 ad
1993 1843 2208 1911 formandos
2223 1865 2291 1908 rno-

1300 1964 1369 2011 rcs.
1425 1941 1490 2012 Est
1510 1941 1607 2012 enim
1631 1941 1807 2014 mirabilis
1830 1944 2006 2038 quaedam
2030 1941 2238 2028 humanitas
2256 1969 2290 2012 ac

1302 2043 1452 2116 civilitas
1468 2043 1507 2112 in
1524 2040 1630 2115 huius
1647 2046 1782 2117 autoris
1796 2046 1973 2140 epistolis,
2007 2071 2081 2142 qua
2103 2073 2209 2142 saepe
2230 2047 2291 2116 uti-

1302 2158 1380 2230 tur,
1408 2173 1489 2217 cum
1506 2149 1552 2218 ad
1570 2147 1704 2218 amicos
1718 2149 1861 2232 scribit,
1888 2175 1972 2242 erga
1994 2177 2107 2246 quos,
2144 2177 2222 2222 cum
2243 2151 2290 2217 in-

1303 2251 1443 2319 terdurn
1459 2249 1590 2320 iustam
1606 2246 1736 2321 habeat
1749 2245 1943 2322 invehendi
1958 2255 2198 2339 occasionem,
2223 2279 2291 2321 mo-

1303 2353 1541 2424 destissimum
1565 2377 1602 2424 se
1623 2353 1790 2446 praebet,
1816 2352 1907 2424 nihil
1930 2353 2197 2442 stomachatur,
2222 2379 2289 2424 non

1303 2468 1426 2525 movet
1459 2455 1567 2526 etiam
1600 2458 1824 2548 tragoedias,
1870 2460 1931 2529 scd
1967 2460 2083 2530 amice
2116 2461 2288 2530 interdum

1303 2560 1414 2628 multa
1431 2572 1575 2644 monet,
1599 2561 1713 2632 multa
1739 2560 1955 2647 dissimulat,
1979 2562 2166 2634 interdum
2191 2584 2290 2656 qnae-

1303 2663 1388 2732 dam
1408 2658 1658 2754 reprehendit,
1688 2664 1751 2733 sed
1767 2665 1961 2736 admodum
1979 2666 2151 2738 molliter.
2202 2665 2290 2733 Haec

1304 2765 1381 2857 ipsa
1411 2765 1572 2857 exempla
1600 2765 1767 2838 iuventus
1786 2791 1928 2861 semper
1951 2767 1991 2838 in
2017 2781 2211 2861 conspectu
2234 2763 2291 2836 ha·
2329 2787 2330 2856 j

1303 2870 1388 2940 bere
1406 2870 1530 2952 debet,
1556 2893 1648 2963 quae
1665 2869 1754 2940 vitio
1770 2872 1927 2964 quodam
1950 2873 2079 2944 aetatis
2102 2873 2289 2943 admodum
2329 2860 2330 2877 ¹

1305 2973 1408 3057 calet,
1423 2984 1458 3042 et
1475 2985 1623 3064 propter
1635 2973 1750 3044 levem
1765 2974 1939 3046 offensam
1955 2975 2033 3048 sine
2051 2978 2163 3047 modo
2177 2971 2288 3044 omnia

1304 3078 1427 3147 turbat
1442 3099 1484 3145 ac
1499 3076 1643 3159 miscet,
1673 3089 1715 3146 ut
1736 3076 1819 3147 inde
1841 3077 1954 3150 discat
1975 3075 2238 3148 humanitatem
2260 3084 2290 3140 et

1305 3193 1443 3249 certum
1457 3179 1607 3249 modurn
1621 3181 1801 3250 tractandi
1815 3183 1955 3252 animos
1972 3181 2131 3266 illorum,
2148 3183 2191 3251 ad
2209 3200 2291 3273 quos
2328 3241 2329 3270 ἶ

1304 3281 1445 3364 scribit,
1480 3294 1516 3350 et
1532 3281 1696 3352 observet
1711 3282 1749 3352 in
1766 3283 1975 3370 scribendo,
2002 3287 2134 3380 quibus
2150 3283 2290 3379 quisque

1304 3387 1410 3456 rebus
1426 3383 1581 3455 maxime
1597 3383 1771 3475 capiatur.
1974 3387 1977 3394 ’

1408 3487 1560 3580 Quarto,
1586 3487 1622 3557 et
1635 3488 1696 3555 illa
1716 3500 1769 3558 est
1781 3511 1911 3580 magna
1927 3489 2075 3575 utilitas,
2102 3490 2199 3586 quod
2215 3509 2291 3556 con·

1305 3591 1421 3660 tinent
1437 3590 1607 3682 epistolae
1623 3590 1820 3660 multorum
1836 3605 2043 3684 temporum
2057 3591 2235 3672 historias,
2256 3589 2289 3656 in

1307 3719 1460 3788 quarum
1478 3691 1689 3762 recitatione
1703 3693 1893 3785 diligenter
1914 3696 2076 3786 singulae
2097 3721 2155 3768 res
2180 3703 2289 3788 gestae

1307 3809 1342 3866 et
1358 3795 1504 3865 consilia
1525 3795 1758 3888 explicantur.
1809 3796 1857 3866 Et
1880 3799 2025 3892 quidem
2049 3799 2215 3892 inprimis
2237 3794 2289 3862 illa

1306 3894 1456 3968 historia
1480 3899 1586 3989 digna
1613 3911 1683 3983 est,
1718 3923 1809 3994 quae
1832 3901 2060 3987 observetur,
2095 3905 2194 3973 cuius
2218 3897 2291 3968 sub-

1306 4002 1390 4072 inde
1409 4002 1631 4072 mentionem
1650 4003 1736 4073 facit
1756 4003 1796 4071 in
1824 4005 1946 4076 multis
1976 4004 2136 4096 epistolis
2160 4005 2288 4076 Cicero,

1307 4104 1472 4175 videlicet
1486 4106 1530 4175 de
1545 4105 1606 4188 iis,
1631 4127 1722 4199 quae
1737 4106 1944 4178 acciderunt
1964 4109 2030 4178 sub
2052 4097 2290 4200 initiumbbelli

1309 4209 1441 4293 civilis,
1467 4219 1502 4278 et
1519 4231 1611 4302 quae
1626 4209 1722 4278 mala
1739 4223 1861 4300 postea
1878 4224 1995 4281 secuta
2010 4226 2105 4283 sunt.
2210 4259 2222 4288 .

1410 4311 1599 4382 Postremo
1630 4311 1731 4397 loco,
1770 4313 1854 4407 quia
1877 4314 2020 4384 additae
2048 4327 2133 4386 sont
2161 4303 2289 4398 scriptia

1310 4414 1491 4489 Ciceronis
1527 4415 1681 4486 aliorum
1715 4440 1876 4511 quoqne·
1894 4418 2065 4510 epistolae
2100 4441 2174 4486 non
2213 4431 2288 4479 con·
2325 4421 2326 4432 ¹

1310 4519 1543 4602 temnendae,
1575 4519 1690 4590 sciant
1712 4519 1865 4590 studiosi
1884 4516 1977 4590 hanc
2001 4521 2114 4612 ipsam
2139 4511 2288 4588 collatio·

1308 4647 1392 4692 nem
1421 4623 1570 4692 omnino
1599 4617 1731 4694 babere
1759 4645 1928 4714 magnam
1958 4625 2170 4707 utilitatem,
2206 4633 2288 4710 qu?te

1309 4727 1413 4795 valde
1446 4727 1594 4817 prodest
1622 4727 1668 4795 ad
1697 4727 1928 4795 formandum
1957 4725 2141 4797 iudicium.
2202 4719 2287 4792 Nam

1309 4829 1392 4899 inde
1410 4828 1532 4898 videre
1547 4840 1618 4912 est,
1645 4842 1778 4922 quanta
1795 4828 1981 4900 diversitas
1997 4828 2043 4900 sit
2057 4825 2286 4922 ingeniorum,

1310 4944 1346 5001 et
1366 4955 1475 5027 quam
1499 4931 1605 5023 longe
1627 4931 1774 5001 excellat
1789 4931 1972 5004 Ciceronis
1993 4933 2129 5017 oratio,
2162 4931 2200 4998 in
2223 4941 2285 5017 qua
2323 5003 2324 5010 g

1309 5034 1470 5127 singulae
1489 5033 1686 5104 sententiae
1708 5035 1890 5128 aptissime
1916 5031 2130 5121 cohaerent,
2163 5043 2197 5102 et
2216 5021 2286 5120 qul·
2321 5015 2324 5106 l

1345 5295 1393 5354 ta)
1411 5297 1526 5356 acuere]
1543 5295 1593 5350 Ed
1613 5298 1690 5352 taso.
1709 5308 1808 5349 errore
1825 5299 1954 5364 typogne
1976 5309 2102 5353 amorre.
2323 5243 2324 5302 l

1346 5403 1393 5462 n)
1412 5402 1549 5464 pugnent]
1581 5401 1623 5454 aa
1651 5405 1728 5456 reete
1747 5401 1833 5458 ruta.
1852 5401 1947 5472 uss,
1980 5405 2073 5474 tan,
2106 5402 2189 5456 ratu
2206 5391 2286 5451 asts..
2321 5373 2323 5414 ²

1381 5469 1456 5522 tata.
1475 5471 1587 5536 pugnet.
