4560 5792
44 195 104 276 tet
158 183 286 263 XXXII.
314 119 352 263 d.
389 183 789 264 llll'l'EllPllE‘l'A'l'lO
813 181 1079 266 mamonis
1102 183 1450 312 OLYN'l'llIAGAE
1470 187 1530 264 111.
1556 189 1911 268 DEMOSTHENIS.
1977 191 2056 270 tet

37 362 192 461 resfquasi
212 359 394 458 quoddam
418 360 717 454 impedimentum
741 357 913 457 Philippo
939 361 1003 434 ob-
1055 385 1077 430 a
1105 362 1207 434 vohis
1230 344 1354 456 postea
1376 363 1495 457 perire
1516 364 1623 449 velit,
1663 365 1876 459 pracsertim
1901 369 2050 462 qnando
2196 381 2203 396 ‘

36 471 280 549 iieiebatur,·ac
298 487 407 555 grave
423 463 477 534 illi
494 465 703 550 videbatur,
737 466 919 536 civitatem
942 491 1002 536 cu-
1053 460 1251 537 bocnnum
1267 490 1366 538 exea
1382 491 1421 536 re
1445 481 1718 540 consecuturum
1742 467 1807 553 sit,
1839 479 1882 538 ut
1902 469 1953 554 is,
1986 471 2051 564 qui

35 576 151 669 piosam
174 592 213 638 ac
235 589 403 658 magnam
428 568 501 639 suis
522 569 770 642 occasionibus
793 571 841 640 ad
862 593 920 641 res
942 593 1002 660 ge-
1053 567 1125 637 tale
1139 568 1278 663 aliquid
1294 568 1425 640 dixerit
1445 594 1487 639 ac
1509 571 1681 656 suaserit,
1715 571 1791 665 ipse
1813 571 1958 668 quidem
1980 571 2074 644 sihi·

34 677 141 748 tendas
163 669 233 752 uti,
273 669 486 762 praesertim
507 671 694 744 nobiscum
720 672 1001 743 reconciliatam.
1053 671 1190 742 malum
1206 671 1354 767 aliquo'd
1372 672 1455 742 inde
1472 673 1667 746 immerens
1681 677 1832 757 referat,
1863 675 1974 746 rebus
1983 699 2047 748 au·

33 779 78 850 Ad
104 775 227 846 bellum
258 772 368 864 igitur
396 777 651 866 capessendum
682 775 918 870 impellendos
940 799 1001 845 eos
1053 786 1125 844 tem
1143 798 1219 846 non
1241 777 1351 846 modo
1375 770 1467 844 nibil
1486 778 1622 869 prosit,
1655 779 1719 849 sed
1745 789 1781 846 et
1802 777 2045 871 inposterum

32 879 172 952 homines
195 875 361 946 omnibus
382 877 500 948 modis
525 879 767 954 censebamus.
829 876 878 948 Et
903 879 1002 973 quod
1052 877 1167 950 multo
1183 875 1292 948 etiam
1313 901 1423 974 quam
1449 895 1546 950 n'unc
1570 881 1617 949 ad
1641 880 1833 951 dicendum
1857 906 1919 966 ea,
1954 906 2047 977 quae
2114 927 2116 935 ·

31 997 101 1055 tunc
118 977 230 1050 verbis
251 979 433 1050 iactabant
457 1003 603 1065 omnes,
642 975 712 1052 boc
734 1005 832 1051 nunc
853 983 999 1051 demum
1052 993 1137 1052 sunt
1151 979 1309 1073 optima,
1336 993 1495 1054 caeteros
1509 981 1709 1055 timidiores
1722 984 1860 1054 reddat.
1910 984 1963 1054 Ac
1977 985 2047 1055 sol·
2084 997 2087 1004 ’

30 1083 333 1182 quomodocunque
350 1081 457 1154 rebus
472 1096 656 1176 peractum
674 1097 738 1158 est.
773 1083 898 1180 Quare
912 1083 1000 1180 quid
1051 1107 1136 1153 vere
1153 1083 1300 1178 quidem
1314 1079 1380 1155 has
1396 1085 1511 1176 leges,
1540 1085 1610 1156 viri
1622 1081 1878 1172 Athenienses,
1904 1112 1965 1158 eos
1981 1109 2046 1179 po-

29 1200 137 1270 restat,
160 1183 230 1255 viri
244 1180 499 1270 Athenienses,
533 1212 606 1282 qun
622 1186 743 1260 minus
759 1187 933 1259 auxilium
948 1188 1001 1256 te·
1051 1186 1229 1257 tissimum
1243 1181 1384 1258 hortari
1409 1186 1567 1273 debetis,
1598 1188 1661 1283 qui
1682 1187 1750 1282 ipsi
1773 1189 1853 1262 illas
1874 1189 2046 1262 tulerunt.

9 1315 148 1388 ramus,
174 1301 209 1358 et
231 1287 368 1358 viribus
390 1300 425 1358 et
447 1288 579 1360 animis
601 1290 764 1383 paratis?
813 1289 892 1383 Ego
914 1313 1001 1362 sane
1051 1288 1176 1384 Neque
1193 1290 1289 1360 enim
1305 1314 1461 1385 acquum
1482 1304 1554 1376 est,
1580 1313 1658 1360 eam
1678 1291 1850 1383 gratiam,
1878 1316 1971 1386 quae
1991 1305 2047 1362 to·

9 1391 101 1466 ‘nillil
116 1392 228 1462 video.
280 1391 374 1463 Nam
398 1403 654 1487 praeterquam
679 1395 779 1489 quod
799 1392 999 1486 ignominia
1051 1404 1126 1462 tam
1148 1393 1407 1486 rempublicam
1426 1392 1573 1478 afflixit,
1609 1397 1704 1487 apud
1729 1393 1828 1479 illos,
1867 1395 1933 1489 qui
1953 1395 2047 1486 leges

28 1498 181 1593 quaedam
201 1519 267 1566 vos
280 1506 461 1586 expectat,
486 1495 516 1566 si
539 1495 744 1568 omissiores
766 1498 813 1567 ad
836 1521 894 1568 res
919 1519 1001 1590 per·
1052 1495 1129 1566 illas
1145 1496 1318 1582 tulerunt,
1343 1520 1550 1578 remanere;
1578 1490 1702 1568 odium
1718 1509 1851 1583 autem,
1867 1521 1932 1588 per
1946 1499 2044 1590 quod
2110 1571 2114 1579 ,

26 1599 203 1694 sequendas
217 1597 364 1682 fiamus,
390 1622 435 1667 ne
451 1611 589 1668 metum
602 1601 749 1695 quidem
765 1623 918 1694 parvum
940 1624 1001 1670 eo·
1052 1621 1177 1670 omues
1208 1600 1336 1670 melius
1363 1595 1496 1670 habere
1529 1623 1734 1692 possemus,
1773 1599 1826 1686 ei,
1866 1598 1930 1694 qui
1950 1622 2047 1670 nunc

26 1727 91 1774 rum
105 1701 227 1785 video,
260 1701 332 1770 viri
345 1697 601 1786 Athenienses,
629 1727 721 1799 quae
736 1715 819 1796 post
835 1697 924 1772 baec
945 1727 1001 1774 se·
1052 1699 1190 1796 optima
1222 1703 1404 1786 suaserit,
1433 1703 1472 1772 in
1493 1726 1648 1796 poenam
1673 1693 1715 1774 ae
1734 1703 1890 1773 multam
1914 1701 2047 1772 reduu·
2095 1690 2102 1702 ’

26 1819 130 1876 cutura
146 1816 240 1876 sunt.
293 1804 439 1875 Affectis
454 1829 538 1896 erga
562 1829 649 1891 nos,
684 1807 869 1901 quomodo
884 1805 1001 1890 scitis,
1052 1805 1150 1876 dare.
1189 1804 1260 1875 Sed
1272 1815 1396 1876 tamen
1413 1805 1624 1900 priusquam
1640 1801 1728 1876 baec
1742 1805 1812 1875 rite
1827 1804 2047 1876 constituan-
2153 1815 2162 1828 '

26 1906 207 1992 Thebanis,
248 1906 494 1978 deficientibus
525 1922 646 1980 autem
667 1910 842 2002 pecunia,
870 1917 999 2004 ‘eoque
1051 1919 1124 1992 tur,
1147 1909 1330 1978 neminem
1346 1907 1477 1993 velitis,
1497 1909 1567 1978 viri
1575 1905 1825 1993 Athenienses,
1844 1907 1919 1978 ullo
1935 1908 2045 1978 modo

23 2011 109 2107 quasi
132 2011 406 2102 desperantibus
426 2005 691 2096 Phocensibus,
722 2013 877 2107 denique
897 2011 999 2082 nullo
1051 2012 1150 2104 apud
1163 2037 1227 2083 vos
1241 2012 1335 2082 tanti
1350 2006 1495 2097 baberi,
1522 2011 1586 2107 qui
1604 2011 1700 2104 leges
1718 2007 1785 2082 has
1806 2024 2047 2102 transgressus

24 2137 187 2210 quoquam
208 2113 320 2184 etiam
341 2113 534 2186 obsistente
549 2110 741 2208 Philippo,
775 2128 900 2209 utpote
923 2139 1001 2186 cae-
1052 2113 1186 2186 inultus
1202 2115 1328 2200 abeat,
1353 2139 1472 2210 neque
1486 2113 1596 2185 etiam
1613 2137 1832 2211 quemquam
1847 2113 1897 2184 ita
1912 2111 2047 2206 incogi-

22 2217 91 2288 teris
103 2217 207 2288 rebus
221 2217 379 2289 subactis
397 2230 504 2312 atque
526 2217 752 2311 compositis,
786 2243 859 2314 quo
880 2218 1000 2290 minus
1051 2228 1189 2288 tantem
1211 2212 1304 2303 esse',
1329 2228 1371 2287 ut
1391 2242 1428 2288 sc
1450 2217 1568 2310 ipsum
1593 2217 1633 2286 in
1656 2217 1884 2288 manifestum
1908 2215 2048 2309 pericu·

22 2319 58 2390 ad
71 2315 130 2391 bas
145 2345 202 2391 res
221 2322 458 2414 capessendas
473 2321 635 2392 animum
648 2321 807 2394 inducat.
849 2323 899 2392 At
913 2345 1000 2391 vero
1050 2321 1127 2392 lum
1142 2333 1250 2416 atque
1267 2319 1460 2390 discrimen
1482 2319 1661 2393 coniiciat.
1719 2317 1796 2389 lam
1818 2343 1906 2388 vero
1929 2343 2048 2413 neque

22 2423 45 2494 si
60 2423 132 2518 quis
147 2435 332 2507 vestrum,
359 2424 447 2494 dum
471 2419 561 2496 baec
582 2425 690 2510 liant,
725 2424 924 2494 differenda
945 2447 1000 2508 ea,
1051 2424 1143 2494 illud
1155 2423 1325 2516 ignorare
1341 2449 1404 2495 vus
1421 2424 1543 2509 decet,
1572 2421 1644 2492 viri
1661 2418 1915 2506 Athenienses,
1948 2421 2049 2516 quod

22 2551 97 2622 quae
112 2551 208 2597 nunc
222 2526 389 2598 facienda
407 2539 530 2612 crant,
556 2528 754 2612 existimat,
784 2528 886 2599 illum
901 2528 1001 2622 equi·
1051 2527 1191 2598 nullum
1206 2528 1387 2597 decretum
1403 2525 1511 2598 ullius
1524 2525 1633 2619 pretii
1646 2527 1876 2610 censendum,
1900 2523 1959 2594 cui
1971 2547 2048 2592 non

19 2631 86 2700 dem
106 2655 148 2700 eo
172 2629 253 2725 ipse
278 2630 401 2700 animo
425 2655 499 2701 esse
521 2643 630 2723 puto,
661 2645 703 2702 ut
726 2655 768 2701 ex
792 2631 1000 2726 propinquo
1052 2629 1197 2700 affuerit
1211 2629 1378 2700 voluntas
1395 2641 1534 2714 vestra,
1559 2653 1619 2714 ea,
1646 2653 1739 2724 quae
1754 2627 1884 2721 placita
1903 2625 2050 2710 fuerint,

18 2733 158 2826 aspicere
172 2734 274 2804 mala
292 2757 333 2803 ea
357 2732 499 2826 cupiat,
534 2757 628 2828 quae
649 2733 735 2805 alibi
758 2735 853 2804 sacta
872 2733 1000 2805 audire
1051 2745 1219 2826 prompte
1232 2731 1401 2804 faciendi.
1451 2731 1545 2804 Nam
1558 2731 1590 2804 si
1602 2734 1679 2826 ipsa
1695 2755 1761 2826 per
1780 2755 1818 2804 se
1839 2731 1979 2802 demota
2005 2751 2049 2798 eo

17 2835 147 2920 licebat,
175 2850 212 2906 et
227 2836 363 2906 amilio
384 2836 453 2908 sibi
471 2835 620 2906 aliunde
646 2861 875 2930 comparare,
907 2860 1000 2932 quae
1052 2836 1235 2921 valerent,
1259 2848 1301 2908 ut
1316 2837 1454 2907 veluus
1471 2847 1652 2927 cogerent,
1678 2858 1734 2919 ea,
1759 2857 1852 2928 quae
1867 2831 2049 2916 convenit,

16 2938 79 3030 ipsc
90 2963 187 3010 nunc
202 2937 288 3023 aliis
299 2941 393 3012 serre
408 2953 563 3032 poterat.
622 2939 717 3012 Nam
742 2941 842 3036 quod
863 2965 907 3011 eo
929 2940 1001 3010 loci
1051 2941 1188 3025 lacere,
1214 2939 1271 3010 vel
1285 2939 1361 3023 illa,
1379 2939 1425 3008 de
1441 2938 1571 3034 quibus
1586 2937 1870 3031 perscribuntur,
1882 2933 2049 3004 faciendo

16 3065 61 3112 res
75 3055 226 3114 ventura
244 3042 312 3129 sit,
333 3043 365 3114 si
380 3055 606 3135 praesentem
631 3043 858 3114 occasionem
877 3041 1002 3137 prodi·
1052 3040 1246 3135 compleri,
1285 3065 1404 3138 neque
1423 3066 1490 3112 vos
1511 3035 1707 3126 hactenus,
1740 3063 1822 3110 cum
1845 3037 1959 3108 multa
1987 3037 2050 3108 de·

15 3145 181 3232 decimus,
222 3147 491 3240 propemodum
520 3169 646 3219 omnes
666 3149 741 3218 lere
763 3171 831 3218 nos
857 3148 1000 3218 scimus.
1053 3145 1258 3230 creveritis,
1283 3169 1414 3238 parum
1431 3156 1495 3216 aut
1507 3139 1600 3214 nibil
1622 3143 1744 3238 potius
1767 3165 1893 3212 eorum
1915 3135 2051 3212 lacere·

13 3249 52 3318 At
64 3253 160 3345 quod
175 3249 349 3322 auxiliari
369 3249 516 3343 quidem
532 3248 742 3336 conveniat,
774 3249 915 3346 inquiet
935 3249 1002 3320 ali·
1052 3249 1119 3335 tis,
1150 3273 1269 3344 neque
1284 3244 1476 3342 Philippus
1498 3259 1600 3317 tanto
1625 3247 1698 3318 iarn
1720 3258 1884 3338 tempore
1906 3241 2051 3315 iniuriis

13 3353 99 3445 quis,
137 3377 331 3425 censemus
355 3377 500 3437 omnes,
539 3365 575 3422 ct
606 3353 644 3422 id
671 3354 789 3425 facere
823 3353 1000 3446 cupimus,
1052 3377 1118 3424 vos
1138 3351 1330 3438 affecisset,
1363 3353 1426 3430 sed
1446 3350 1519 3420 iam
1549 3349 1635 3421 olim
1656 3352 1881 3420 decretorum
1903 3346 2051 3443 quidem

12 3457 64 3526 scd
86 3457 121 3526 id
147 3459 249 3528 unde
276 3467 339 3527 aut
369 3455 575 3550 quomodo,
616 3457 738 3528 edoce.
803 3456 859 3529 Ne
890 3456 1001 3550 igitur
1053 3456 1113 3528 illc
1131 3456 1245 3547 gratia
1270 3478 1407 3549 poenas
1429 3453 1596 3526 dedisset.
1648 3452 1790 3532 Verum,
1809 3451 1915 3521 aliter
1936 3469 2081 3522 seres·

10 3547 205 3646 miremini,
238 3559 311 3628 viri
326 3553 583 3642 Athenienses,
615 3560 646 3630 si
662 3561 751 3654 quid
763 3573 907 3651 praeter
923 3559 1002 3650 opi·
1053 3555 1173 3630 habet.
1207 3557 1300 3630 Nam
1315 3559 1508 3640 utfacere,
1535 3580 1644 3649 quam
1661 3555 1778 3626 dicere
1792 3567 1900 3649 atque
1912 3553 2051 3638 iubere,

9 3661 146 3733 nionem
163 3677 201 3733 et
216 3661 505 3754 expectationem
521 3661 720 3732 multorum
744 3662 881 3734 dixero.
933 3659 1002 3731 Le·
1053 3661 1232 3755 posterius
1257 3661 1385 3730 ordine
1406 3671 1479 3742 est,
1518 3659 1568 3726 ita
1598 3681 1742 3729 rursum
1765 3655 1866 3748 prius
1886 3653 2050 3748 potentia

9 3764 185 3854 pislatores
209 3765 318 3836 vobis
340 3764 582 3837 constituendi
610 3776 714 3849 sunt,
745 3789 821 3834 non
854 3763 1002 3859 quidem
1054 3789 1096 3833 ac
1111 3763 1232 3855 potius
1250 3774 1314 3834 est.
1366 3759 1445 3830 Hoc
1459 3759 1570 3851 igitur
1591 3761 1759 3830 accedere
1781 3769 1946 3849 oportet,
1971 3781 2050 3828 cae·

8 3889 66 3958 per
80 3895 173 3965 quos
188 3871 309 3961 legem
325 3869 439 3939 ullam
452 3879 638 3961 praeterea
660 3868 801 3948 leratis3
834 3891 920 3936 nam
944 3890 1003 3936 ea·
1054 3879 1130 3936 tera
1149 3865 1221 3934 iam
1239 3876 1323 3935 ante
1340 3862 1507 3933 existunt.
1558 3861 1652 3934 Nam
1671 3875 1707 3933 et
1720 3861 1842 3932 dicere
1862 3884 1924 3945 ea,
1955 3883 2050 3956 quae

8 3993 80 4042 rum
99 3974 251 4046 abunde
269 3971 371 4043 vobis
388 3983 463 4056 est,
489 3972 553 4041 sed
567 3983 608 4042 ut
624 3994 704 4054 eas,
738 3995 830 4065 quae
846 3969 949 4041 vobis
964 3969 1004 4038 in
1055 3967 1242 4052 convenit,
1271 3967 1368 4059 apud
1382 3991 1466 4050 vos,
1493 3964 1563 4036 viri
1576 3960 1833 4047 Athenienses,
1858 3976 1961 4048 sunt,
1988 3962 2052 4057 qui

6 4077 203 4166 praeseutia
220 4075 356 4147 obsunt
371 4099 412 4146 ac
425 4087 577 4159 nocent,
601 4073 792 4166 abrogetis.
832 4072 923 4144 Dico
940 4095 1005 4143 au·
1055 4084 1224 4166 possunt,
1251 4084 1287 4141 et
1301 4094 1365 4141 vos
1391 4095 1471 4141 cum
1495 4069 1638 4153 omnis,
1671 4091 1765 4164 quae
1787 4065 1880 4136 dicta
1905 4066 2052 4148 luerint,

6 4187 71 4247 tem
101 4204 184 4266 cas,
231 4203 326 4274 quae
356 4180 400 4248 de
427 4172 596 4248 theatrali
618 4176 770 4270 pecunia
792 4177 889 4247 latae
909 4189 1004 4261 sunt,
1056 4175 1258 4247 acutissime
1274 4167 1472 4244 diiudicare
1487 4172 1649 4266 possitis,
1683 4169 1792 4241 etiam
1810 4170 1927 4240 lacere
1950 4181 2051 4260 pote·

6 4303 146 4372 prorsus
164 4305 317 4364 omnes;
342 4281 473 4352 deinde
490 4293 527 4352 et
545 4305 671 4352 earum
688 4283 884 4378 quasdam,
910 4303 1004 4376 quae
1055 4278 1134 4350 ritis
1150 4301 1266 4366 nunc,
1288 4277 1320 4348 si
1335 4301 1412 4346 rem
1428 4289 1523 4347 recte
1540 4275 1682 4368 geratis.
1725 4272 1834 4367 Quod
1849 4274 1946 4342 enim
1961 4285 2085 4342 tem··

6 4385 94 4458 dere
111 4385 270 4458 militari
285 4383 523 4479 praecipiunt.
573 4384 739 4478 Quarum
755 4384 838 4454 illae
857 4384 1004 4481 quidem
1056 4407 1136 4476 pus,
1151 4381 1221 4452 riri
1230 4377 1477 4463 Athenienses,
1500 4391 1563 4450 aut
1575 4402 1685 4474 quam
1700 4375 1923 4448 occasionem
1941 4397 2053 4469 qnae·

6 4489 197 4562 militarem
219 4490 416 4584 pecuniam
438 4488 504 4574 iis,
535 4487 598 4583 qui
618 4487 719 4558 domi
738 4501 905 4573 manent,
936 4511 1005 4581 pro
1057 4485 1137 4558 ritis
1157 4481 1226 4556 bac
1246 4497 1433 4580 praesente
1456 4479 1672 4552 meliorem?
1731 4479 1805 4550 Aut
1825 4480 1971 4572 quando
1994 4501 2053 4562 ea,

6 4585 171 4665 theatrali
194 4592 440 4676 distribuunt,
472 4585 541 4661 hae
564 4603 685 4662 autem
708 4615 790 4675 eos,
824 4591 888 4686 qui
909 4589 1006 4661 mili-
1058 4599 1151 4686 q'uae
1167 4589 1348 4672 convenit,
1372 4586 1522 4672 facietis,
1548 4586 1579 4658 si
1593 4609 1690 4657 nunc
1705 4607 1782 4653 non
1797 4579 1959 4652 facietis?
1992 4582 2052 4652 An

6 4694 85 4768 tiam
101 4700 325 4782 detrectant,
347 4697 495 4788 impune
510 4693 709 4780 dimittunt,
732 4719 847 4792 eoque
863 4707 899 4766 et
912 4693 1007 4777 illos,
1057 4717 1133 4763 non
1149 4693 1273 4762 omnia
1288 4689 1468 4784 praesidia
1495 4713 1537 4758 ac
1558 4688 1784 4759 munimenta
1806 4697 1924 4756 vestra
1948 4709 2054 4756 occu·

6 4799 148 4892 quiea,
186 4823 285 4895 quae
306 4798 494 4882 convenit,
525 4797 654 4870 lacturi
675 4812 799 4885 erant,
824 4797 1006 4891 segniores
1058 4796 1158 4889 parit
1179 4792 1290 4866 homo
1311 4792 1402 4865 iste?
1462 4792 1572 4886 Quod
1600 4790 1631 4863 si
1652 4803 1772 4861 autem
1792 4800 1830 4858 ct
1852 4784 1960 4861 huius
1982 4787 2055 4860 loci

6 4903 172 4976 efficiunt.
228 4902 305 4973 Has
323 4901 433 4996 igitur
445 4914 638 4997 postquam
652 4903 850 4987 solveritis,
876 4902 1006 4974 deinde
1038 4951 1040 4960 ‚
1058 4899 1194 4993 potitus
1208 4898 1335 4983 luerit,
1362 4895 1525 4966 omnium
1542 4893 1747 4988 turpissima
1763 4892 1956 4986 patiemur.
1995 4891 2055 4962 An

6 5017 35 5074 ct
50 5008 148 5078 viam
166 5007 218 5076 ad
240 5007 433 5077 dicendum
455 5030 518 5088 ea,
552 5029 645 5101 quae
667 5005 770 5078 vobis
791 5005 930 5100 optima
952 5005 1009 5076 iu·
1059 5028 1135 5075 non
1151 5003 1190 5088 ii,
1214 5028 1318 5098 quos,
1343 4999 1374 5070 si
1389 4998 1458 5094 ipsi
1472 4999 1552 5070 aliis
1567 5000 1703 5070 bellum
1717 4996 1905 5081 inferrent,
1930 5019 2055 5087 prom·
2107 5027 2120 5052 ’-

6 5119 78 5179 tura
94 5113 193 5196 sint,
220 5121 337 5180 tutam
359 5108 534 5195 feceritis,
565 5121 643 5180 tum
664 5111 811 5182 demum
833 5108 1008 5205 quaerite,
1059 5120 1119 5202 pte
1143 5106 1266 5178 iuvare
1296 5116 1402 5199 atque
1425 5127 1569 5174 servare
1591 5101 1862 5196 polliceremur,
1899 5099 1944 5168 ab
1975 5097 2056 5169 aliis

6 5212 61 5304 qui
75 5239 182 5299 eam,
211 5237 326 5308 quam
349 5212 454 5284 vobis
476 5213 645 5306 prodesse
666 5213 763 5287 scitis
778 5237 923 5299 ornnes,
949 5237 1009 5284 ro-
1059 5235 1156 5282 nunc
1171 5211 1265 5280 bello
1280 5205 1521 5302 premuntur?
1570 5208 1629 5278 An
1651 5228 1727 5274 non
1749 5199 1865 5273 bostis
1888 5199 1971 5270 illc?
2006 5225 2055 5270 an

6 5315 184 5402 sationem
205 5317 315 5389 ierat.
372 5315 590 5412 Priusquam
607 5317 703 5388 enim
719 5312 808 5387 baec
824 5317 935 5400 liant,
961 5340 1008 5386 ne
1060 5339 1135 5388 non
1150 5339 1244 5410 quae
1260 5325 1377 5384 vestra
1393 5323 1496 5396 sunt,
1530 5306 1650 5382 tenet?
1682 5331 1730 5376 an
1757 5327 1833 5374 uon
1855 5301 2088 5378 barbarusl‘.

6 5439 105 5509 quem
115 5419 306 5513 spectetis,
332 5420 398 5518 qui
412 5445 494 5490 curn
508 5445 576 5513 pro
592 5421 695 5494 vobis
711 5419 850 5516 optima
864 5419 1009 5506 dixerit,
1039 5421 1109 5490 ‘ao
1128 5443 1205 5490 non
1227 5417 1383 5514 denique
1405 5413 1580 5511 quiequid
1603 5409 1673 5482 diei
1695 5404 1838 5502 potest?
1897 5405 1967 5480 Sed
1991 5431 2057 5501 per

54 5531 249 5599 snmsm.
275 5537 384 5602 ores.
407 5535 494 5600 Vos.
516 5535 625 5601 xvn.
960 5533 963 5538 '
1138 5577 1146 5590 ,
1489 5517 1539 5588 48
