4582 5798
272 203 374 284 soar
575 166 578 175 ’
847 185 1735 276 rmumscaorarmouocrca
1972 289 1977 300 ,
2181 211 2235 288 m

271 377 414 477 quatis,
439 375 472 449 si
496 375 582 448 illuc
606 353 848 467 navigabitis,
873 375 964 445 velle
987 397 1052 447 vos
1073 373 1195 468 plures
1218 385 1271 444 at·
1321 395 1419 444 nunc
1438 368 1495 446 bis
1517 373 1734 468 contemptis
1755 373 1915 446 Siciliam
1935 375 2104 468 appetitis.
2144 377 2236 453 listas

269 477 431 555 trabere.
852 470 858 480 ’
1321 488 1394 547 tem
1411 475 1609 571 sapientia,
1633 499 1710 550 non
1727 477 1849 549 efferri
1864 476 1993 550 animis
2012 492 2146 572 proptu
2161 485 2236 554 adra·

374 581 472 657 Num
490 577 625 674 putatis
640 575 803 654 inducias
817 579 940 652 firmm
953 579 1051 663 iore,
1076 600 1170 675 quae
1190 589 1271 648 tan·
1320 601 1381 650 sos
1403 603 1504 652 casus
1525 573 1705 666 bostium,
1730 583 1793 652 sed
1809 579 1951 652 ratione
1965 581 2146 667 confidere,
2164 587 2238 656 acri

268 685 400 779 tisper,
423 685 538 754 donec
552 681 780 778 quiescimus,
805 694 913 754 erunt
928 680 1095 754 induciae
1109 681 1269 754 nomine.
1320 680 1487 768 stimate,
1526 681 1834 756 Lacedaemonios
1862 685 1942 756 iore
1968 684 2195 777 vigilantiores,
2215 703 2238 758 rt

270 787 330 862 sic
352 785 450 858 enim
476 783 683 881 aliquorum
711 783 871 858 consiliis
900 797 1084 880 umunque
1107 783 1269 880 quaesita
1322 797 1503 879 acceptam
1531 785 1771 879 ignominiam
1803 785 1910 860 nobis
1941 786 2093 862 vicisrim
2116 789 2239 882 aspersis,

269 903 324 964 est
338 888 543 983 respiratio.
595 889 666 962 Sed
688 887 719 962 si
742 887 832 986 quid
847 887 988 962 adversi
1002 885 1109 958 nobis
1122 887 1269 974 accidet,
1320 889 1528 960 emendent:
1562 887 1672 986 idque
1694 913 1738 962 eo
1760 889 1874 984 magis
1896 883 2046 976 facient,
2068 915 2133 986 quo
2156 891 2239 962 arbre

267 988 432 1082 celeriter
463 1015 532 1064 nos
571 989 745 1064 invadent
776 986 898 1064 hostes
929 989 1058 1064 melius
1091 989 1270 1075 instructi,
1318 991 1440 1063 studio
1455 1003 1493 1062 et
1509 991 1645 1064 diutius
1661 992 1814 1086 gloriam
1832 992 1976 1066 virtutis
1996 994 2168 1086 possident
2198 991 2239 1064 lta

267 1095 355 1194 quia
385 1093 583 1168 adversarii
614 1119 691 1167 non
712 1095 920 1179 voluntate,
960 1095 1023 1167 sed
1048 1093 1162 1164 coacti
1195 1094 1269 1165 suis
1319 1118 1390 1190 que
1410 1093 1516 1166 nobis
1532 1119 1608 1167 non
1627 1109 1680 1170 est
1703 1107 1980 1168 tentamentum
1994 1095 2159 1188 &abab
2169 1091 2240 1166 lori

267 1199 431 1272 cladibus
450 1200 613 1270 iecerunt
635 1197 818 1283 inducias,
844 1197 965 1270 minus
986 1191 1136 1268 honeste
1156 1219 1267 1292 quam
1318 1197 1426 1270 nibus
1442 1198 1608 1270 barbaris
1621 1198 1660 1270 in
1674 1198 1816 1286 Sicilia,
1839 1201 1903 1272 sed
1918 1201 2101 1295 quomodo
2115 1199 2241 1291 vigilante

266 1325 348 1374 nos.
398 1300 539 1375 Deinde
562 1302 608 1372 de
629 1299 752 1373 multis
773 1297 934 1372 articulis
957 1299 997 1371 in
1017 1300 1094 1394 ipsa
1110 1299 1266 1371 formula
1318 1312 1487 1372 tueamur
1500 1301 1678 1395 patriam,
1702 1325 1749 1372 ne
1767 1302 1917 1375 libertae
1930 1302 2145 1396 opprimatur
2159 1297 2241 1385 abhis

266 1403 497 1476 induciarum
512 1416 650 1478 restant
665 1402 952 1488 controversiae,
975 1413 1011 1474 et
1026 1400 1187 1474 civitates
1201 1401 1267 1472 ali·
1318 1402 1383 1498 qui
1403 1427 1602 1498 paucorum
1617 1404 1819 1500 potentiam
1842 1403 1883 1477 in
1904 1429 1945 1475 ea
1968 1404 2164 1477 constimere
2179 1427 2242 1474 cora

267 1531 363 1604 quac
386 1529 463 1580 non
484 1509 671 1593 infirmae,
699 1529 747 1578 ne
768 1501 863 1578 hanc
889 1505 1035 1603 quidem
1060 1505 1264 1599 pactionem
1316 1518 1390 1579 tur.
1451 1506 1507 1579 Ac
1528 1507 1821 1594 meminerimus,
1860 1506 1922 1580 vir
1944 1531 2026 1580 eam
2055 1508 2171 1604 aliquid
2187 1506 2243 1576 lara

266 1609 496 1684 induciarum
510 1622 743 1706 receperunt,
769 1610 832 1682 sed
854 1609 975 1704 palam
993 1603 1111 1680 adhuc
1130 1609 1264 1682 bellum
1316 1607 1431 1680 menti
1453 1623 1597 1680 nactam
1627 1633 1702 1686 esse
1732 1623 1816 1706 post
1840 1633 1987 1684 saevam
2017 1609 2244 1706 pestilentiam

173 1800 178 1808 Ι
267 1725 420 1807 gerunt,
445 1715 588 1812 aliquae
611 1739 654 1786 eo
677 1713 886 1812 quiescunt,
911 1711 997 1808 quia
1016 1709 1266 1784 videntLace-
1315 1710 1465 1806 longum
1487 1712 1642 1800 bellum,
1680 1727 1722 1787 ut
1742 1737 1868 1788 rursus
1888 1737 2045 1786 numero
2066 1709 2244 1784 hominunet

265 1817 480 1892 daemonius
498 1818 679 1916 quiescere
699 1829 850 1910 propter
863 1816 986 1886 decem
1003 1813 1145 1886 dierum
1160 1814 1265 1886 indu·
1315 1815 1490 1909 pecuniae
1513 1817 1637 1910 augeri
1650 1817 1776 1913 possit.
1829 1816 2007 1914 Quaeres
2024 1818 2243 1912 impenderem

265 1921 351 1992 cias.
403 1917 530 2018 ltaque
545 1945 626 1992 cum
642 1918 801 1990 viderint
815 1930 960 1992 nostros
982 1917 1156 1990 exercitus
1173 1917 1264 1988 divi·
1316 1942 1385 2012 pro
1400 1917 1507 1992 nobis
1521 1919 1561 1990 in
1575 1919 1842 2012 patria'iustius
1858 1933 1911 1992 est
1925 1945 2037 2016 quam
2054 1917 2244 2015 praesulibus

266 2047 326 2096 sos
356 2045 451 2110 esse,
490 2038 532 2096 ut
560 2046 658 2094 nunc
682 2021 844 2092 dividere
865 2045 928 2096 eos
950 2019 1170 2114 cogitamur,
1210 2020 1264 2091 illi
1316 2021 1381 2117 qui
1401 2021 1536 2094 auxilio
1557 2021 1738 2117 indigent,
1765 2023 1895 2120 quibua
1916 2036 1951 2095 et
1973 2022 2120 2094 mentiri
2132 2021 2196 2094 utile
2209 2032 2244 2102 st

263 2125 539 2218 Peloponnesiis
555 2148 679 2198 rursus
692 2123 895 2210 coniuncti,
918 2147 987 2197 nos
1007 2124 1199 2210 invadent,
1227 2137 1265 2196 et
1315 2123 1380 2220 qui
1402 2137 1438 2195 et
1461 2125 1500 2195 in
1520 2127 1702 2220 praesenti
1723 2127 1884 2221 periculo
1908 2138 2053 2203 tantum
2077 2128 2170 2198 verba
2187 2125 2244 2204 dut,

265 2227 413 2323 quidem
436 2229 545 2303 simul
568 2253 650 2301 cum
675 2226 823 2313 Siculis,
849 2251 941 2324 quos
970 2227 1088 2298 multo
1111 2239 1194 2298 ante
1215 2229 1264 2298 ad
1314 2240 1351 2298 et
1373 2227 1404 2300 si
1427 2227 1542 2300 esitus
1563 2228 1637 2302 sint
1663 2231 1850 2326 prosperi,
1879 2253 1956 2302 non
1979 2231 2138 2302 referunt
2154 2227 2244 2318 digno

264 2327 472 2404 societatem
487 2329 596 2405 huius
612 2331 698 2403 belli
713 2331 868 2402 libenter
883 2329 1123 2404 attraxissent.
1314 2329 1489 2422 gratiaram
1514 2331 1571 2404 sin
1585 2333 1699 2410 esitus
1712 2333 1785 2406 sint
1799 2331 1977 2418 infelices,
2006 2328 2148 2406 trahunt
2165 2329 2246 2401 anim

372 2433 684 2511 Considerandum
706 2433 904 2528 igiturest,
929 2432 1050 2529 qualia
1067 2428 1157 2503 haec
1177 2432 1262 2519 sint,
1313 2433 1352 2504 in
1372 2433 1582 2528 perniciem.

262 2559 330 2606 nec
353 2540 574 2632 periclitanti
595 2537 733 2610 civitati
761 2547 962 2630 augeantur
984 2535 1163 2631 pericula,
1195 2561 1263 2607 nec
1416 2535 1556 2634 Siquis
1579 2550 1701 2610 autem
1722 2538 1853 2612 electus
1872 2537 2019 2624 iunior,
2046 2538 2109 2635 qui
2128 2531 2244 2610 suautli

132 2729 138 2742 ι
262 2641 363 2712 aliud
385 2643 577 2738 imperium
598 2651 830 2735 appetamus,
854 2640 979 2734 priore
1003 2641 1167 2712 nondum
1191 2649 1262 2712 sta·
1312 2648 1386 2710 tate
1414 2654 1597 2737 movetur,
1637 2655 1673 2713 et
1693 2636 1764 2714 hoc
1791 2640 1943 2737 imperio
1971 2642 2126 2712 laetabar
2152 2649 2246 2733 proptr

262 2743 380 2818 bilito.
447 2747 539 2820 Cum
563 2740 814 2818 Chalcidenses
841 2742 881 2813 in
905 2737 1083 2829 Thracia,
1115 2741 1179 2838 qui
1206 2755 1263 2815 tot
1313 2742 1563 2835 splendorem,
1596 2758 1633 2816 et
1654 2758 1806 2839 propter
1828 2769 2009 2842 equorum
2034 2751 2247 2840 apparatura

261 2847 337 2918 iam
353 2873 469 2923 annos
483 2847 751 2933 suntrebelles‚
774 2847 939 2917 nondum
956 2844 1087 2917 domiti
1107 2845 1199 2932 sint,
1226 2859 1262 2917 et
1313 2845 1559 2940 profusiones,
1599 2842 1788 2936 hortatur,
1828 2861 1870 2920 ut
1892 2847 2091 2940 navigetis,
2121 2843 2188 2917 huic
2205 2863 2246 2912 nor

261 2953 326 3023 alii
357 2953 506 3049 quidam
538 2951 579 3022 in
602 2950 810 3022 continente
842 2947 1071 3042 contumaces
1095 2949 1188 3036 sint,
1229 2949 1261 3021 si
1313 2949 1519 3037 concedite,
1544 2962 1586 3021 ut
1604 2951 1767 3044 periculo
1783 2951 1937 3024 civitatis
1954 2975 2065 3024 suum
2080 2951 2247 3045 splendorem

260 3055 452 3150 Egestanis
485 3057 556 3127 cito
590 3053 742 3127 velimus
763 3051 970 3146 opitulari,
1009 3051 1261 3146 impediamur,
1312 3051 1516 3146 amplificet.
1540 3053 1611 3127 Sed
1627 3055 1859 3127 existimatea
1877 3053 2012 3128 talibus
2026 3049 2246 3148 etrespuhlica

262 3184 337 3254 quo
361 3159 482 3231 minus
504 3157 683 3253 possimus
703 3155 853 3228 rebelles
876 3155 923 3226 ad
944 3153 1103 3226 officium
1121 3179 1260 3248 cogere.
1313 3155 1446 3242 everti,
1470 3171 1506 3228 et
1525 3157 1638 3229 everti
1654 3159 1827 3252 privatas.
1865 3157 1912 3228 Et
1926 3159 2116 3252 negotium
2130 3175 2246 3247 magron

260 3260 309 3334 Et
323 3274 446 3331 tamen
467 3259 536 3332 hos
555 3260 693 3331 vicinos
718 3257 875 3332 domitos
899 3258 1056 3329 retinere
1080 3257 1120 3328 in
1141 3259 1259 3331 officio
1312 3281 1388 3332 esse
1397 3259 1563 3352 cogitate,
1578 3261 1677 3358 quod
1690 3263 1830 3335 iuvenis
1839 3261 1989 3333 consilio
1999 3261 2080 3355 regi
2088 3284 2154 3332 non
2167 3265 2246 3352 potat

260 3387 460 3459 possemus.
511 3360 649 3434 Siculos
666 3371 806 3445 autem,
832 3359 896 3455 qui
910 3371 947 3430 et
961 3360 1089 3453 procul
1105 3361 1261 3432 etmulti
1310 3384 1377 3431 nec
1398 3363 1517 3434 subito
1542 3363 1807 3458 suscipiendum
1830 3377 1902 3437 est:
1924 3363 1985 3436 cui
2002 3367 2104 3450 viro,
2128 3387 2193 3432 cum
2203 3379 2246 3428 cu·

259 3477 365 3553 sunt,
390 3463 533 3538 etiamsi
552 3462 758 3548 vincemus,
789 3463 975 3560 quomodo
998 3461 1259 3534 retinebimus?
1310 3475 1456 3556 rogatos
1481 3465 1571 3538 alios
1594 3465 1749 3540 assidere
1777 3466 1903 3553 video,
1937 3479 2077 3543 metuo.
2136 3463 2246 3558 laque

259 3571 418 3644 Stultum
433 3580 487 3641 est
501 3579 622 3640 autem
638 3566 810 3638 invadere
828 3588 909 3651 eos,
935 3589 1027 3661 quos
1044 3564 1162 3638 victor
1182 3590 1259 3638 non
1310 3564 1454 3638 diverso
1477 3569 1523 3639 ad
1549 3569 1709 3643 seniores
1722 3573 1873 3657 accedo,
1899 3582 1935 3641 et
1949 3595 2033 3642 sum
2050 3566 2246 3648 hortatamur

259 3673 376 3769 possis
397 3672 438 3742 in
462 3670 579 3743 officio
602 3669 772 3744 retinere.
829 3667 879 3740 Et
899 3667 930 3740 si
951 3667 1156 3755 vincemur,
1181 3694 1258 3741 non
1309 3671 1445 3763 pudeat
1466 3695 1547 3758 eos,
1579 3672 1610 3744 si
1636 3673 1750 3770 aliqui
1773 3674 2070 3766 suffragabuntur
2091 3671 2161 3756 isti,
2185 3665 2247 3740 sivi

259 3778 395 3850 erimus
409 3774 562 3868 integri,
586 3784 760 3846 utantea.
1103 3797 1106 3806 ·
1204 3809 1207 3818 ·
1309 3775 1465 3844 deantur
1486 3774 1629 3867 ignavi,
1662 3801 1729 3848 nec
1751 3779 1947 3850 decernant
1965 3777 2120 3859 bellum,
2145 3797 2182 3844 ne
2195 3765 2247 3838 aad

363 3877 416 3949 Ut
448 3890 569 3949 autem
602 3899 700 3948 nnnc
732 3899 769 3948 se
794 3870 931 3946 babent
956 3897 1016 3946 res
1040 3873 1258 3963 Siculomm,
1309 3877 1372 3946 dat
1387 3875 1450 3962 eis,
1474 3880 1573 3974 qnod
1590 3893 1717 3952 aorrnn
1730 3880 1860 3952 vitium
1876 3893 1941 3965 est,
1955 3892 1997 3951 ut
2011 3878 2158 3952 nimium
2171 3880 2247 3944 aunt

260 3975 353 4054 mibi
383 3979 547 4065 videtur,
580 3977 826 4074 Syracusanos
858 3976 978 4049 minus
1012 3977 1259 4052 formidabiles
1310 3979 1491 4063 absentes;
1518 3985 1579 4054 sed
1595 3982 1731 4068 sciant,
1756 3983 1988 4078 cupiditatem
2001 4007 2089 4054 raro
2104 3971 2245 4050 honesta

257 4085 365 4157 nobis
380 4085 478 4169 sore,
498 4081 530 4156 si
542 4081 612 4178 ipsi
627 4081 700 4155 sint
713 4079 936 4174 superiores,
952 4103 1026 4176 quo
1044 4096 1256 4174 argumento
1308 4082 1394 4153 bere
1416 4097 1584 4171 eventus,
1627 4087 1688 4158 sed
1712 4087 1925 4183 plerumque
1950 4083 2179 4180 prudentiam.
2217 4078 2245 4147 lt

258 4187 364 4261 vobis
379 4183 550 4279 Egestani
564 4198 742 4257 terrorem
759 4181 951 4256 incutiunt.
1002 4182 1097 4258 Nam
1116 4185 1257 4258 etiamsi
1307 4179 1455 4271 hortor,
1479 4199 1521 4259 ut
1533 4213 1602 4283 pro
1625 4189 1742 4284 patria
1765 4188 1997 4285 suscipientes
2020 4187 2246 4272 maximunpt·

258 4289 372 4388 aliqui
394 4289 506 4362 Siculi
528 4291 575 4360 ad
597 4285 904 4361 Lacedaemonios
927 4285 1093 4372 venient,
1133 4299 1256 4360 tamen
1305 4286 1461 4376 ticulum
1477 4303 1602 4362 contra
1619 4293 1840 4380 decernatis,
1864 4303 1906 4365 ut
1920 4291 2032 4365 Siculi
2049 4285 2192 4362 contenti
2206 4282 2246 4353 siat

257 4406 409 4467 nonest
433 4402 735 4477 consentaneum,
771 4414 832 4463 eos
856 4389 966 4476 velle,
992 4400 1034 4461 ut
1054 4389 1123 4462 soli
1144 4389 1256 4464 Laee-
1306 4391 1490 4479 terminis,
1523 4395 1654 4490 quibus
1681 4391 1854 4470 hactenus
1874 4407 2046 4481 utuntur,
2080 4391 2172 4464 Ionio
2189 4385 2245 4466 sint

256 4495 442 4569 daemonii
456 4495 497 4566 in
511 4494 664 4568 Graecia
686 4493 941 4579 dominentur,
967 4494 1067 4590 quod
1088 4493 1119 4566 si
1141 4495 1255 4583 fieret,
1307 4493 1340 4568 ei
1362 4493 1442 4591 quis
1456 4521 1571 4592 prope
1594 4509 1731 4570 terram
1750 4500 1914 4593 naviget;
1949 4511 1985 4569 et
1996 4497 2115 4570 Siculo
2130 4483 2245 4574 marii

257 4598 422 4670 venirent
436 4599 476 4668 in
489 4598 699 4672 servitutem
715 4608 751 4668 et
764 4597 834 4690 ipsi
850 4595 1078 4692 Syracusani.
1306 4597 1388 4694 quis
1414 4598 1453 4668 in
1485 4599 1559 4671 alto
1583 4601 1748 4696 naviget,
1782 4616 1819 4676 et
1847 4627 1913 4676 suo
1942 4603 2134 4684 fruantur,
2167 4607 2195 4666 el
2212 4613 2244 4661 rt

362 4700 493 4773 Graeci
516 4726 625 4786 vero,
650 4698 715 4796 qui
738 4699 812 4773 illic
834 4711 939 4785 sunt,
964 4698 1092 4771 sinon
1115 4700 1254 4772 veneri·
1305 4725 1388 4774 suas
1419 4716 1540 4796 agant.
1598 4704 1739 4780 Deinde
1760 4721 1796 4779 et
1821 4704 2008 4800 Egestanis
2040 4695 2243 4796 respondeatis

255 4827 355 4890 mus,
380 4803 495 4894 magis
517 4829 585 4877 nos
610 4814 793 4889 metuent,
817 4825 928 4898 quam
944 4802 975 4876 si
990 4815 1135 4876 ostenso
1155 4828 1254 4876 exer·
1305 4816 1498 4902 postquam
1518 4805 1596 4878 sine
1618 4803 1893 4884 Atheniensium
1918 4805 2069 4880 consilio
2086 4795 2242 4878 balamir

257 4907 352 4994 citu,
385 4928 473 4976 mox
487 4906 671 4998 fugiemus
693 4908 794 4979 clade
820 4905 941 5002 aliqua
963 4919 1126 4999 accepta;
1167 4919 1253 4978 tunc
1305 4907 1467 4980 tulerunt
1488 4908 1698 4988 Selinuntiis
1711 4911 1780 5012 ³⁰),
1819 4925 1862 4986 ut
1889 4925 1925 4985 et
1949 4911 2026 4986 sine
2056 4909 2138 5006 ipsis
2159 4919 2241 5000 paren

241 5012 355 5084 'enim
377 5020 589 5102 contemptu
609 5009 746 5094 nostri,
779 5034 860 5081 cum
883 5007 963 5082 aliis
985 5032 1053 5082 nos
1068 5007 1252 5085 invadent.
1303 5009 1456 5096 faciant,
1482 5035 1550 5085 nec
1570 5016 1737 5111 deinceps
1759 5017 1933 5090 iaciamus
1954 5013 2169 5098 societatem,
2186 5007 2244 5082 sicul

254 5113 350 5189 Nam
358 5115 558 5210 longinqua
571 5122 657 5182 suut
670 5111 709 5190 in
722 5111 974 5198 admiratione,
987 5123 1024 5183 et
1037 5115 1252 5208 quaeprobe
1305 5126 1409 5186 antea
1427 5114 1593 5203 lecimus,
1620 5119 1684 5216 qui
1698 5119 1915 5194 calamitosis
1928 5145 2033 5215 opem
2046 5117 2186 5200 ierimus,
2201 5101 2242 5202 itti

255 5217 393 5308 experti
422 5241 566 5300 sumus,
599 5225 724 5285 carent
754 5215 1037 5300 existimatione,
1078 5227 1119 5287 ut
1149 5219 1252 5288 vobis
1304 5241 1390 5288 vero
1409 5219 1653 5294 desiderantes
1668 5224 1842 5296 stasilium
1860 5249 1937 5296 non
1954 5221 2157 5296 invenimus.

255 5339 354 5386 nunc
376 5317 515 5390 accidit.
566 5315 662 5410 Quia
687 5314 784 5386 enim
803 5329 948 5405 praeter
966 5315 1176 5411 opinionem
1198 5320 1251 5388 vi·

257 5412 355 5484 cistis
387 5416 718 5503 Lacedaemonios,
762 5439 855 5512 quos
887 5429 992 5488 antea
1026 5421 1250 5506 metuebatis,
1374 5456 1449 5512 m
1467 5457 1623 5515 „unffi

1335 5387 1386 5448 so)
1403 5388 1584 5451 aerumma]
1608 5390 1651 5444 aa
1668 5391 1832 5459 amp-taus
1852 5407 1881 5442 =
1900 5388 2192 5460 nasammonas
2211 5375 2240 5430 tt
