4584 5796
220 239 298 322 m
382 257 431 280 ··
794 180 1775 296 euuaunascntrrarmouosrcess
1883 269 1887 275 .
2011 147 2259 288 :ssu

223 410 360 478 tionem
375 404 521 476 doloris.
568 399 613 472 ln
628 401 697 470 fine
713 395 860 490 ponitur
874 391 993 464 brevis
1013 383 1213 458 admonitio
1264 395 1366 477 peret
1381 385 1565 467 accedere,
1591 397 1628 454 et
1647 386 1721 455 lere
1743 395 1818 453 tota
1842 383 1991 474 epistola
2015 381 2053 452 in
2076 382 2255 452 narratio-

224 536 287 582 seu
315 508 525 599 significatio
554 504 609 576 sui
636 499 747 570 animi
770 509 805 566 et
826 494 993 566 desiderii
1017 487 1214 583 erga-Van
1264 487 1377 563 nihts
1399 486 1632 558 consumitur.
1702 485 1890 577 Principio
1918 485 2081 578 pluribus
2120 498 2259 570 narrat,

226 635 364 684 runem.
872 591 885 600 ’”
1266 589 1355 685 quid
1383 589 1452 658 sibi
1479 589 1647 658 acciderit
1670 613 1751 658 cum
1776 587 1929 658 Caninio
1952 589 2067 658 latore
2089 612 2258 679 praesen-

379 729 383 737 '
1266 692 1358 766 tium
1371 689 1584 764 litterarum.
1635 689 1774 760 Deinde
1799 693 1926 762 suadet
1938 688 2115 774 Varroni,
2147 715 2193 760 ue
2220 691 2258 760 iu

1266 795 1394 869 urbem
1409 794 1541 867 veniat.
1590 792 1703 869 Addit
1714 805 1903 886 praeterea
1920 815 2066 876 causas,
2098 815 2163 863 cur
2182 794 2260 886 ipse

324 913 494 986 Narratio
513 922 584 993 est,
606 909 645 976 in
660 929 730 1002 qua
746 903 904 997 primum
921 899 1087 991 exponit,
1121 918 1213 990 quae
1266 910 1413 967 maneat
1430 896 1467 965 in
1482 898 1589 980 urbe,
1615 895 1996 993 quodecilicetsuo”)
2018 895 2174 968 sliscemu
2194 921 2260 967 no-

224 1015 439 1087 intellexerit
461 1037 503 1082 ex
524 1010 651 1080 litteris
676 1007 744 1078 sibi
766 1006 810 1074 ab
831 1002 950 1072 Attico
977 999 1146 1081 redditis,
1180 1009 1216 1067 et
1266 999 1310 1068 lit
1332 1000 1503 1092 praebere
1527 1023 1670 1070 causam
1696 997 1957 1090 suspicionibus
1985 999 2260 1072 malevolorum.

225 1121 324 1214 quod
337 1113 567 1188 vehementer
591 1122 692 1204 optet
713 1109 788 1180 eius
812 1109 1018 1176 adventum.
1077 1100 1215 1170 Deinde
1269 1101 1459 1172 Conclusio
1490 1096 1599 1172 habet
1623 1101 1875 1194 repetitionem
1905 1101 2182 1188 admonitionis,
2225 1117 2259 1172 et

224 1221 325 1294 addit
338 1244 375 1291 se
388 1218 536 1289 rediisse
551 1216 598 1284 ad
611 1211 728 1302 studia
743 1207 957 1280 intermissa.
989 1204 1108 1299 Atque
1122 1198 1217 1272 banc
1267 1205 1375 1276 simul
1391 1217 1533 1290 mouet,
1558 1204 1820 1297 persistendum
1836 1225 1910 1274 esse
1931 1203 1969 1272 in
1989 1207 2178 1296 proposito
2206 1207 2258 1274 vi-

223 1325 376 1404 alteram
393 1332 533 1413 partem
553 1313 772 1388 narrationis
787 1321 936 1382 venuste
955 1307 1099 1377 ornavit
1114 1329 1216 1398 pros-
1267 1307 1376 1378 vendi
1392 1307 1431 1376 in
1445 1307 1646 1380 litterarum
1663 1305 1789 1380 studiis
1797 1305 1857 1403 ⁸).

225 1424 427 1519 opopoeia,
482 1443 614 1492 vocans
649 1417 761 1488 libros
797 1425 934 1484 veteres
959 1434 1042 1482 suos
1071 1409 1216 1479 amicos

226 1525 417 1600 Conclusio
448 1523 606 1597 continet
634 1519 819 1613 obliquam
851 1509 1215 1594 adhortatiunculam,

224 1642 265 1704 ut
278 1627 418 1713 veniat,
444 1651 526 1698 cum
542 1623 773 1694 commodum
789 1617 869 1690 erit.

477 774 613 846 Aliud
639 750 966 864 argumentum.

1524 1494 1660 1566 Aliud
1685 1507 2013 1588 argumentum.

1370 1627 1570 1700 Munitoria
1593 1642 1646 1700 est
1665 1629 1834 1722 epistola,
1875 1629 1915 1700 in
1938 1654 2008 1725 qna
2027 1631 2173 1713 suadet,
2215 1655 2259 1700 ne

1269 1724 1342 1800 hoc*
1361 1744 1523 1824 tempore
1541 1731 1694 1804 nimium
1716 1733 1755 1802 in
1779 1733 1906 1803 urbem
1930 1745 2101 1826 properet
2122 1733 2258 1816 venire,

275 1851 602 1941 Argumentum
630 1853 674 1909 et
703 1834 883 1910 scholia
916 1836 964 1904 in
996 1831 1165 1924 episto·
1269 1833 1401 1929 inqua
1421 1836 1534 1904 multa
1558 1833 1828 1926 bantindigna.
1887 1833 2087 1906 Exordium
2108 1837 2261 1906 sumitur

260 1955 261 1958 ’
645 1942 733 2011 lam
758 1937 802 2012 II.
859 1939 863 1946 '
1270 1959 1291 2005 a
1322 1936 1531 2006 narratione
1553 1939 1598 2007 de
1621 1937 1806 2010 occasione
1828 1937 2025 2023 scribendi,
2062 1939 2108 2008 de
2132 1938 2259 2010 litteris

405 2099 434 2144 ῃ
532 2099 541 2116 .
1028 2087 1038 2103 ·
1140 2083 1182 2101 ··
1269 2038 1333 2110 diu
1353 2040 1519 2124 retentis,
1549 2063 1639 2135 quas
1659 2041 1806 2112 tandem
1827 2041 1986 2111 venienti
2009 2040 2165 2127 Caninio
2188 2055 2258 2111 tra-

327 2103 397 2174 1313
434 2099 566 2196 imp
569 2110 604 2167 1³
621 2106 724 2180 Μ’
750 2117 863 2189 quum
879 2089 1010 2161 Caesar
1027 2111 1099 2156 ΜΠ]
1115 2109 1217 2154 vm
1268 2142 1411 2215 diderit.
1461 2142 1630 2237 Sequitur
1645 2141 1865 2236 propositio,
1890 2169 1955 2215 seu
1968 2143 2191 2228 admonitio,
2216 2169 2258 2214 ne

225 2222 280 2283 set
302 2202 516 2297 Pompeium
548 2201 586 2268 in
618 2223 738 2292 pugna
763 2191 990 2275 Pharsalica,
1032 2211 1216 2286 quumque
1270 2244 1279 2260 .

224 2309 404 2382 Antonius
423 2317 571 2398 praetor
590 2301 717 2395 populi
731 2297 891 2369 Romani
913 2319 978 2388 per
991 2291 1133 2362 ltaliam
1157 2316 1217 2360 ve·

223 2410 390 2494 beretur,
415 2408 590 2480 insultans
608 2403 711 2499 quasi
725 2401 828 2472 malis
843 2395 995 2492 publicis
1004 2395 1062 2493 ι1).

329 2511 360 2606 §.
380 2513 415 2582 1.
441 2513 608 2584 cantatus
622 2499 820 2602 tumtum]
848 2497 1088 2594 Narratio¹⁸).
1140 2500 1217 2570 urst

223 2609 439 2711 5551155155]
462 2611 577 2684 ἕωλον
592 2622 645 2679 est
660 2605 806 2701 proprie
821 2603 987 2687 Graecis,
1023 2601 1120 2696 quod
1143 2601 1216 2669 iam

225 2723 279 2792 est
301 2718 500 2799 exoletum,
534 2714 598 2783 das
618 2712 664 2781 (15
673 2710 721 2806 ¹⁷)
743 2703 967 2778 verrochenn
989 2705 1046 2775 ist.
1106 2701 1216 2774 toto-

223 2815 363 2920 κρασία
390 2817 566 2910 significat
596 2814 800 2906 crapulam,
839 2809 897 2878 vel
925 2807 1045 2900 potius
1069 2806 1216 2875 crudam

222 2927 323 2996 illam
337 2919 529 2991 materiam
544 2928 579 2987 et
594 2917 777 3000 inutilem,
803 2936 895 3008 quae
910 2907 1137 3004 eiicienda¹⁸)
1154 2917 1218 2991 est,

224 3052 289 3098 nec
305 3023 457 3095 vertitur
471 3023 510 3090 in
527 3019 750 3112 sanguinem.

328 3123 359 3218 ἓ.
374 3132 410 3200 2.
439 3126 516 3196 1111
537 3134 649 3194 autem
666 3113 870 3216 5551555515]
897 3116 1031 3186 Suadet
1046 3111 1218 3195 Varroni,

198 3256 270 3324 'ne
293 3228 332 3297 in
356 3229 483 3298 urbem
505 3223 639 3295 veniat.
737 3225 885 3310 Ouaercr
903 3212 1071 3315 [5515555]
1105 3213 1218 3285 0555-

149 3381 155 3386 ·
222 3345 360 3524 lumb,
384 3430 420 3500 5.
462 3433 514 3500 Ae
535 3429 620 3497 mitt
639 3427 773 3520 quidem
792 3419 1034 3523 iampridem]
1070 3421 1218 3506 Causae,

226 3559 337 3632 quare
357 3531 426 3603 sibi
442 3531 536 3600 exire
554 3553 595 3598 ex
611 3529 699 3598 urbe
715 3550 790 3595 non
805 3525 921 3597 liceat.

234 3653 240 3667 '
329 3633 361 3729 S.
377 3634 412 3708 4.
442 3627 662 3730 1111191155]
689 3627 929 3727 Epilogus¹⁹).

439 3820 576 3890 Aliud
610 3831 926 3910 argumentum
941 3813 1002 3912 ⁸⁰)

326 3957 549 4050 Elegansest
568 3956 738 4048 55151515,
762 3953 885 4024 statim
909 3963 991 4044 post
1015 3951 1148 4020 bellum
1171 3948 1219 4016 ci-

227 4061 297 4131 vile
313 4057 521 4160 scripta²¹),
544 4072 578 4128 et
593 4071 645 4128 551
658 4055 798 4149 generis
820 4052 992 4160 suamrii,
1027 4053 1110 4147 quia
1134 4048 1219 4121 hor-

225 4177 322 4250 tatur
335 4162 559 4246 Varronem,
583 4185 629 4230 ne
647 4161 693 4228 ad
714 4159 841 4230 urbem
862 4151 931 4226 boc
953 4170 1113 4247 tempore
1135 4178 1219 4246 pro-

261 4435 309 4494 14)
327 4431 398 4483 11515
413 4427 477 4480 5551
493 4425 522 4477 15
539 4424 624 4477 natet.
644 4424 736 4488 15111,
764 4422 857 4487 1515,
884 4419 978 4484 1551,
1003 4420 1079 4473 1557.
1097 4422 1220 4484 praefixa

295 4503 361 4554 5551
380 4499 436 4554 cic.
456 4497 541 4548 verbs
558 4491 672 4562 (§.1.):
698 4493 843 4545 05515155
860 4491 1030 4544 1115511555.

261 4589 308 4650 15)
328 4591 387 4639 1155
402 4584 593 4652 argumentum
610 4575 1014 4644 15555155111557-1551,
1031 4576 1219 4644 1557.,1555.,

296 4658 372 4707 tuot.

262 4739 309 4804 15)
329 4743 488 4792 1111555515
504 4742 539 4792 eb
551 4738 601 4788 Ed.
620 4733 694 4786 1557.
713 4732 870 4796 exhibetur,
888 4731 1112 4795 1511111111515,
1133 4731 1219 4798 1545,

298 4811 390 4874 1515,
410 4811 502 4873 tuot,
534 4806 625 4872 1555,
646 4804 721 4854 15511.
741 4803 828 4853 deest.
890 4865 895 4870 Ι

262 4893 310 4952 17)
329 4893 425 4953 115]15
441 4893 526 4941 uuirt.
545 4891 639 4953 1515,
660 4889 734 4940 tuso.
754 4887 848 4937 omiss.

262 4975 476 5037 181511515555]
505 4977 547 5026 515
569 4975 654 5026 suits.
676 4975 768 5041 1555,
795 4973 888 5039 15111,
908 4971 1001 5040 1515,
1021 4974 1219 5042 1551.,1557.,

296 5047 390 5108 15555
415 5047 466 5098 Ed.
487 5043 734 5095 15151511515515.

262 5136 311 5195 111)
329 5136 405 5186 neec
421 5133 488 5182 note
506 5127 636 5179 15111111.
656 5129 748 5193 1515,
768 5127 841 5180 1555.
865 5128 953 5182 15551.

258 5223 311 5283 2⁰)
329 5223 389 5272 Hoc
406 5217 598 5282 argumentum
616 5216 644 5265 51
663 5215 715 5266 155
733 5215 878 5278 sequentis
896 5214 1029 5269 15111111.
1049 5215 1135 5284 1555,
1153 5215 1221 5266 1555

300 5289 415 5340 -1555,
433 5286 619 5337 inveniuntur.

257 5377 309 5434 2¹)
328 5379 503 5442 11155555-
521 5371 640 5434 5551515]
659 5368 911 5434 51511111111555,
932 5371 1025 5435 1555,
1045 5372 1137 5438 15515
1169 5372 1220 5422 Ed.

299 5445 468 5497 1555111555
487 5441 607 5506 55151515
627 5439 723 5490 statim
744 5439 810 5501 5551
829 5439 1028 5514 151155515115
1046 5442 1220 5504 5551515551.

1267 2268 1307 2314 tn
1325 2247 1451 2316 urbem
1467 2246 1601 2317 redeat.
1640 2245 1888 2338 Propositioni
1904 2247 2258 2338 5151155555555115,

1269 2371 1331 2417 cur
1349 2347 1513 2440 1555555
1528 2363 1699 2442 sequatur
1713 2345 1783 2418 hoc
1797 2348 1986 2424 consilium
2003 2349 2134 2420 additis
2150 2352 2258 2421 ratio-

1267 2450 1394 2535 nibus,
1417 2474 1528 2544 quare
1543 2445 1615 2522 huc
1636 2477 1749 2546 usque
1772 2453 1945 2523 manserit
1964 2453 2003 2522 in
2024 2453 2125 2524 urbe.
2177 2453 2259 2546 Epi-

1267 2552 1369 2644 logus
1391 2553 1534 2646 longior
1559 2567 1622 2626 est
1684 2555 1849 2626 Primum
1874 2551 1983 2626 habet
2008 2556 2259 2650 repetitionem

1268 2655 1544 2737 admonitionist
1570 2657 1699 2727 deinde
1716 2657 1923 2743 consilium,
1950 2683 1996 2729 ne
2012 2655 2082 2730 hoc
2100 2672 2258 2754 tempore

1268 2760 1315 2829 ad
1338 2758 1446 2830 Baias
1468 2760 1607 2843 veniat;
1646 2774 1829 2853 postremo
1857 2763 2155 2856 significationem
2178 2789 2258 2835 suae

1269 2861 1466 2934 sententiae
1482 2865 1525 2932 de
1541 2863 1604 2932 illo
1621 2888 1749 2955 genere
1765 2865 1879 2949 vitae,
1911 2865 1950 2934 in
1974 2891 2047 2960 quo
2069 2869 2257 2960 praecipua

1269 2961 1422 3035 habetur
1439 2966 1532 3035 ratio
1555 2969 1756 3037 studiorum
1785 2981 1820 3038 et
1838 2968 2068 3060 reipublicae.
2131 2969 2173 3040 ln
2194 2975 2258 3040 fine

1271 3081 1323 3140 551
1336 3069 1454 3140 brevis
1471 3069 1670 3140 admonitio
1690 3072 1737 3140 ad
1753 3071 2032 3144 rescribendum.

1516 3255 1655 3326 Aliud
1682 3276 2009 3352 argumentum.

1372 3388 1542 3461 Narratio
1570 3393 1614 3462 de
1645 3396 1830 3466 occasione
1858 3399 2038 3470 scribendi
2064 3403 2256 3496 epistolam,

1271 3514 1380 3587 quam
1404 3493 1467 3562 diu
1489 3496 1584 3586 apud
1606 3521 1643 3567 se
1659 3497 1821 3572 detinens
1838 3503 1983 3574 tandem
2001 3506 2047 3574 ad
2060 3505 2256 3578 Varronem

1269 3594 1419 3666 miserit.
1478 3596 1730 3671 Narrationem
1762 3606 1923 3698 sequitur
1949 3609 2149 3701 propositio
2182 3635 2259 3680 con·

1271 3699 1360 3783 51111,
1406 3710 1448 3768 51
1474 3724 1642 3793 55555555
1675 3706 1858 3798 republica
1890 3709 2036 3780 interim
2069 3713 2256 3784 delitescat

1271 3801 1519 3892 Propositioni
1546 3819 1602 3876 551
1621 3809 1742 3878 addita
1770 3813 1956 3903 occupatio
1979 3839 2061 3888 cum
2082 3817 2188 3886 certis
2205 3841 2257 3885 ra·

1271 3902 1450 3988 tionibus,
1483 3931 1594 4001 quare
1617 3909 1692 4002 ipse
1715 3927 1860 3982 maneat
1882 3913 2032 3988 Romae.
2092 3919 2256 4011 Epilogus

1272 4008 1432 4077 continet
1446 4005 1748 4099 dehortationem,
1775 4017 1984 4088 neRomam
1998 4021 2133 4106 redeat,
2156 4022 2255 4092 simul

1271 4111 1405 4180 addens
1422 4112 1607 4204 desstudiis
1631 4117 1850 4204 litterarum,
1884 4121 2013 4215 quibus
2034 4121 2127 4194 nihil
2147 4137 2256 4217 potest

1271 4237 1344 4284 esse
1358 4213 1561 4286 iucundius.

1490 4399 1629 4470 Aliud
1656 4409 2046 4506 argumentumtt).

1375 4534 1472 4603 llaec
1502 4534 1648 4625 epistola
1676 4539 1835 4632 continet
1863 4543 2123 4634 expositionem
2148 4544 2252 4614 consi-

1270 4634 1404 4706 liorum
1418 4637 1612 4708 Ciceronis.
1663 4640 1801 4734 Scripta
1820 4657 1873 4714 est
1886 4646 2007 4716 statim
2029 4663 2111 4739 post
2129 4650 2252 4719 bellum

1271 4738 1392 4823 civile,
1425 4753 1460 4808 et
1474 4741 1634 4810 continet
1647 4743 1943 4817 deliberationem
1963 4752 2008 4820 de
2022 4752 2124 4837 loco,
2150 4751 2209 4823 ubi
2223 4761 2252 4817 et

1170 4837 1181 4854 “
1271 4841 1397 4910 Cicero
1415 4842 1490 4934 ipse
1506 4868 1653 4914 manere
1672 4846 1775 4932 velit,
1808 4863 1843 4917 et
1862 4851 1924 4920 ubi
1940 4853 2100 4924 Varroni
2122 4863 2252 4926 censeat

1270 4947 1501 5016 manendum.
1552 4947 1617 5018 Est
1631 4949 1740 5039 igitur
1754 4954 1894 5042 generis
1907 4957 2145 5030 deliberativi.

1305 5229 1355 5289 22)
1373 5232 1439 5291 suo]
1458 5229 1498 5280 515
1514 5228 1598 5280 1111111.
1614 5228 1706 5295 1555,
1725 5229 1819 5296 tuse,
1839 5231 1932 5300 15553
1956 5234 2005 5286 Ed.
2026 5235 2102 5286 1555.
2121 5237 2180 5287 555.

1306 5333 1355 5393 25)
1373 5331 1488 5394 5151115]
1507 5333 1548 5384 515
1564 5332 1649 5384 nutu.
1660 5333 1754 5400 1555,
1774 5335 1867 5402 1555,
1888 5336 1963 5388 1552.
1972 5351 1982 5402 3
2005 5339 2055 5388 111.
2069 5340 2145 5395 1555.
2161 5337 2235 5390 tuus.

1305 5433 1354 5500 11)
1373 5438 1432 5492 1155
1449 5437 1639 5502 argumentum
1657 5437 1860 5492 1555515511.
1880 5439 2071 5494 1555-1555.
