4584 5796
46 191 107 268 aer
155 181 264 259 utu
295 180 605 258 recursura
628 182 693 256 rr
719 151 924 258 senous
948 181 998 256 u
1022 179 1171 282 misr.
1197 185 1311 262 rau.
1340 187 1426 264 cre.
1449 189 1538 266 un.
1549 193 1609 268 1x.
1635 145 1917 274 uersam
1969 204 2048 278 aas

45 359 297 451 tempore'sequi
323 355 558 448 Pompeium,
592 379 633 425 ac
655 381 693 427 se
714 355 858 426 interim
886 357 923 426 in
946 370 1019 430 tu-.
1052 354 1109 426 sit.
1161 353 1208 426 ln*
1221 361 1291 429 fine
1306 385 1372 452 per
1391 365 1661 457 occupationem
1684 370 1837 461 ponitur
1858 395 2047 464 argumen-

44 479 101 534 tum
115 461 257 555 aliquem
273 459 394 529 locum
417 458 587 549 recipiat,
622 459 737 528 donec
764 471 1001 550 componatur
1052 469 1130 528 turn
1146 460 1190 528 de
1204 453 1428 535 humanitate
1445 466 1619 541 Caesaris.

41 566 157 634 bellum.
204 561 318 630 Porro
340 556 409 630 hae
433 559 572 630 litterae
595 561 748 653 scriptae
772 563 940 632 videntur
958 585 1000 632 ex

40 665 138 736 castris
161 663 316 733 Caesaris
346 663 393 732 ad
413 658 638 734 Pharsaliam
670 675 753 732 ante
783 663 999 748 conflictum,

40 793 92 863 quo
105 765 286 856 Pompeius
303 764 414 836 victus
430 777 492 836 est·
543 763 650 834 lnilio
667 767 840 856 proponit
852 768 996 836 brevem
1152 781 1248 854 Haec
1269 785 1418 876 epistola
1436 789 1579 861 videtur
1591 793 1723 884 scripta
1749 819 1823 866 esse
1846 809 1927 864 ante
1950 797 2042 867 bella

39 867 270 950 netraliffllem,
313 865 350 933 3¹¹
379 890 449 960 qua
481 878 606 936 ¹⁰0ssst
635 869 678 936 ‘le
701 868 815 938 salute
837 869 994 938 familiae
1047 878 1185 969 civilia,
1211 900 1245 955 et
1264 889 1424 958 continet
1444 894 1670 965 narrationes
1693 899 1867 989 quasdam
1892 897 2042 971 iocosas.

39 969 197 1041 Ciceronis·
263 965 401 1037 Deinde
428 980 548 1060 capiat
573 969 859 1040 bensst'olfflliaffl
884 995 902 1040 a
929 996 992 1041 ⁵¹1³
1046 983 1115 1052 Sed
1135 987 1329 1080 praecipua
1354 991 1627 1066 narratio'haec
1649 1009 1719 1081 est,
1751 998 1789 1066 iu
1811 1023 1881 1092 qua
1903 1000 2043 1070 iocatur

36 1074 200 1154 volunldle,
227 1070 463 1139 elslblfitlem
480 1071 575 1154 saell,
599 1093 644 1140 ne
659 1071 992 1143 videaturillidare
1046 1087 1347 1176 cuf111)0lgbglla²
1383 1106 1418 1162 et
1435 1109 1578 1183 narrat,
1611 1099 1709 1194 quod
1730 1100 1777 1168 sit
1799 1101 1933 1170 arbiter
1956 1126 2040 1171 con.

37 1174 190 1244 mutilium
206 1172 319 1264 ¹¹²³ng
336 1172 493 1263 pallium
508 1196 632 1256 0311ὃὸ,
659 1197 767 1266 quam
790 1187 831 1245 Ui
845 1175 919 1266 ipse
936 1174 992 1245 (Ῐὶ-
1044 1188 1241 1288 stitutusffl)
1267 1192 1450 1266 cuiusdam
1476 1198 1557 1282 litis,
1572 1199 1799 1292 pecuniariae
1822 1227 2041 1294 componen-

35 1276 216 1346 terosalvus
234 1274 291 1346 sii·
343 1274 708 1369 Sequiturssfll'l'fflffi
741 1275 779 1344 5¹¹
800 1301 869 1371 ql]a
894 1276 992 1346 0⁰15·
1043 1291 1110 1359 dae
1127 1291 1221 1363 inter
1239 1295 1385 1369 amicos.
1438 1299 1627 1371 Conclusio
1645 1296 1754 1372 hahet
1777 1303 2036 1374 correctionem

34 1379 69 1468 gil
88 1389 307 1467 argumenta,
350 1378 479 1471 quibus
511 1377 683 1461 Ostendit,
723 1378 811 1472 quid
841 1379 992 1470 periculi
1042 1417 1104 1462 seu
1122 1397 1397 1483 excusationem,
1419 1399 1520 1493 'quod
1536 1403 1684 1474 liberius
1700 1406 1837 1475 iocatus
1853 1407 1898 1476 sit
1914 1408 1952 1474 in
1967 1403 2036 1478 hoc

34 1476 150 1548 haberet
164 1477 338 1570 profectio
352 1480 399 1547 ad
415 1479 642 1575 Pompeium.
703 1477 990 1551 Narraliffllifld·
1041 1495 1195 1588 scripto,
1231 1512 1266 1567 et
1287 1499 1393 1570 simul
1417 1518 1540 1574 monet
1565 1507 1607 1574 de
1630 1519 1748 1574 morte
1764 1507 1902 1599 Syllae,
1936 1509 2036 1580 cuius

34 1579 428 1672 dilaestproposlfiosui
448 1581 606 1665 emilii,
638 1605 683 1650 ΗΘ
707 1605 819 1672 P⁰rr⁰
842 1583 989 1655 conllffl·
1042 1597 1190 1667 omnino
1233 1601 1384 1670 extincta
1425 1602 1472 1672 sit
1504 1606 1681 1676 memoria
1718 1610 1814 1699 apud
1848 1612 2036 1703 populum.

1186 627 1513 721 Argumentum
1549 639 1776 730 epistolae
1802 643 1913 738 X.⁶¹).

34 1697 115 1772 gatse
130 1709 205 1752 cum
223 1682 421 1774 Pompeio,
446 1707 563 1777 neque
577 1707 614 1753 se
631 1684 677 1754 ad
692 1683 793 1754 illum
817 1687 988 1756 conserat.

34 1785 188 1856 Conclusio
205 1779 317 1855 hahet
332 1781 644 1870 adhortationem,
669 1799 711 1857 ut
730 1785 770 1856 in
791 1788 910 1870 limum¹
925 1787 988 1856 ali-

32 1911 110 1978 quem
127 1901 240 1958 tutum
255 1913 293 1960 se
306 1887 474 1980 recipiat,
500 1901 535 1958 et
554 1887 661 1958 simul
676 1891 879 1961 consolatur
892 1915 988 1962 surn-

31 2001 74 2078 pto
88 2004 291 2082 argumento
308 1990 353 2059 ah
370 1985 592 2061 humanitate
609 1990 782 2064 Caesaris.

237 2157 380 2231 Aliud
409 2173 745 2255 argumentum.

106 2293 258 2388 Epistola
276 2295 483 2366 Dolabellae
498 2311 647 2368 venusta
664 2311 699 2368 et
716 2299 869 2390 elegans,
902 2296 987 2368 scri-

31 2409 75 2484 pta
94 2398 220 2468 videtur
245 2411 330 2467 ante
352 2401 557 2470 conflictum
578 2396 805 2470 Pharsalieae
833 2423 986 2491 pugnae,

31 2522 87 2566 cum
105 2504 263 2571 nondum
286 2501 435 2570 omnino
466 2501 559 2572 vires
580 2503 746 2594 Pompeii
773 2505 905 2573 fractae
934 2525 986 2572 es-

29 2613 99 2683 sent,
133 2603 191 2696 qui
223 2615 350 2672 tamen
377 2604 478 2673 brevi
500 2617 661 2696 tempore
684 2618 765 2697 post
786 2605 898 2674 victus
922 2615 984 2674 est.

27 2699 71 2770 Fst
89 2716 196 2774 autem
219 2716 302 2773 tota
325 2706 508 2790 suasoria,
541 2707 578 2776 in
601 2718 834 2800 quatrinum,
864 2719 905 2774 ut
925 2708 985 2774 de-

27 2803 93 2872 sinat
106 2808 199 2900 sequi
212 2807 453 2899 Pompeium,
486 2832 593 2902 seque
608 2809 753 2878 interim
775 2807 925 2898 recipiat
946 2808 984 2875 in

26 2904 114 2976 locum
141 2910 301 3004 aliquem
335 2923 472 2992 tutum,
514 2911 629 2980 donec
653 2912 819 2982 silescant
837 2909 985 2978 maximi

23 3006 83 3075 belli
100 3024 221 3082 motus.
290 3011 474 3105 Principio
501 3013 650 3104 ponitur
676 3013 795 3084 brevis
823 3011 983 3080 narratio

24 3121 82 3197 post
103 3111 354 3183 salutationem
388 3116 432 3185 de
465 3111 578 3185 salute
611 3114 766 3184 familiae
792 3113 984 3185 Ciceronis.

25 3211 130 3282 Deinde
153 3229 205 3285 est
225 3217 385 3308 captatio
414 3216 685 3286 benevolentiae
710 3219 754 3286 de
772 3241 837 3287 suo
860 3215 982 3284 animo

23 3337 50 3382 ar
65 3315 259 3399 voluntate,
285 3341 442 3409 purgans
458 3319 718 3411 suspicionem,
750 3343 795 3389 ne
820 3317 983 3398 videatur

23 3415 83 3486 dare
109 3421 296 3489 consilium
319 3420 431 3512 magis
454 3419 611 3512 partium
638 3445 763 3504 causa,
806 3445 914 3515 quam
942 3431 983 3490 ut

22 3517 69 3608 ipsi
90 3519 252 3591 Ciceroni
282 3521 373 3591 bene
406 3523 536 3614 cupiat.
608 3523 777 3617 Sequitur
807 3523 981 3604 narratio,

22 3645 88 3712 quae
101 3625 261 3693 continet
274 3637 483 3714 argumenta
500 3625 752 3717 profectionis,
777 3636 813 3694 et
825 3625 981 3695 mainsin-

1040 1697 1127 1871 lgem
1141 1701 1298 1771 breviter
1312 1703 1507 1795 significat,
1534 1711 1633 1803 'quod
1650 1703 1881 1780 vehementer
1898 1725 2035 1782 metuat

1073 1827 1242 1876 aesarem.

1275 1955 1413 2029 Aliud
1439 1975 1770 2078 argumentum.

1139 2088 1254 2160 Huius
1270 2093 1439 2183 epistolae
1458 2093 1529 2165 duo
1551 2109 1634 2168 sunt
1658 2111 1880 2190 argumenta.
1934 2098 2031 2169 Atte-

1038 2215 1118 2261 rum
1141 2192 1246 2284 plane
1268 2192 1428 2266 iocosum
1451 2197 1495 2266 de
1520 2200 1677 2292 quodam
1702 2201 1853 2284 iudicio,
1895 2226 1957 2273 seu
1986 2203 2030 2272 de

1038 2294 1265 2364 contentione
1280 2295 1521 2368 interNiciam
1537 2303 1810 2392 grammaticum
1828 2303 2030 2386 etVidium,

1038 2397 1101 2491 qui
1116 2395 1210 2465 inter
1227 2421 1263 2466 se
1280 2401 1543 2470 contendebant
1560 2404 1603 2470 de
1620 2427 1658 2472 re
1675 2427 1750 2472 non
1773 2428 1915 2496 magna.
1967 2405 2029 2472 Al·

1037 2511 1153 2569 terum
1175 2511 1227 2568 e'st
1250 2499 1293 2569 de
1313 2499 1463 2572 Caesare
1482 2503 1598 2594 potito
1623 2505 1793 2589 victoria,
1826 2519 1862 2575 et
1885 2519 2028 2597 gerente

1036 2599 1108 2670 iam
1133 2600 1266 2671 bellum
1293 2601 1332 2670 in
1363 2602 1537 2696 Hispania
1570 2619 1693 2676 contra
1726 2607 1817 2678 lilius
1847 2607 2026 2699 Pompeii.

1035 2703 1218 2794 Principio
1234 2704 1514 2794 praemittuntur
1528 2708 1654 2778 breves
1670 2710 1914 2794 narrationes,
1949 2710 2027 2804 qui-

1035 2805 1100 2876 hus
1118 2805 1303 2876 subiicitur
1323 2807 1411 2877 iusta
1433 2813 1616 2894 narratio,
1643 2813 1838 2881 admodum
1855 2805 1974 2904 lepida
1992 2824 2027 2880 et

1036 2901 1159 2976 hilaris
1175 2910 1218 2978 de
1238 2908 1369 2978 iudicio
1386 2933 1461 2980 nou
1484 2913 1678 2981 admodum
1702 2937 1852 3004 magno,
1888 2926 1923 2982 et
1945 2936 2028 2982 rere

1036 3009 1207 3108 ridiculo.
1258 3009 1387 3079 Postea
1405 3025 1457 3081 est
1473 3013 1645 3082 correctio
1665 3008 1771 3084 huius
1787 3015 1928 3084 iocosae
1943 3037 2027 3082 nar·

1035 3111 1205 3208 rationis,
1228 3135 1298 3204 qua
1315 3113 1444 3182 transit
1457 3115 1503 3183 ad
1520 3116 1669 3186 alteram
1694 3120 1962 3200 narrationem,
1987 3117 2026 3183 in

1035 3237 1105 3308 qua
1123 3226 1247 3282 monet
1262 3212 1435 3298 breviter,
1462 3215 1548 3309 quid
1565 3218 1718 3310 populus
1733 3217 1866 3288 iudicet
1884 3230 1946 3288 aut
1966 3241 2026 3286 cu·

1034 3329 1089 3386 ret
1105 3328 1248 3385 mortuo
1265 3315 1384 3409 Sylla,
1415 3328 1450 3384 et
1471 3318 1558 3410 quid
1578 3320 1652 3412 ipse
1677 3315 1746 3389 hoc
1768 3331 1929 3414 tempore
1951 3343 2026 3390 mc·

1033 3431 1111 3489 tuat
1125 3421 1168 3488 de
1184 3413 1285 3495 hasla
1303 3417 1474 3491 Caesaris.
1550 3436 1557 3446 ‘

1279 3585 1417 3658 Aliud
1443 3601 1778 3680 argumentum.

1133 3719 1330 3789 Exordium
1353 3721 1398 3790 ab
1423 3720 1619 3791 occasione.
1676 3719 1846 3792 Narratio
1872 3733 1947 3792 tota
1971 3735 2023 3794 est

19 3723 57 3791 uis
73 3727 287 3815 periculosae
304 3728 399 3817 apud
412 3725 637 3818 Pompeium.
674 3727 884 3798 Narrationi
899 3728 982 3797 sub·

19 3821 323 3920 iiciturpropositio
337 3829 497 3913 consilii,
523 3853 568 3898 ne
584 3828 742 3898 conferat
757 3852 793 3897 se
812 3829 980 3898 adpom-
1031 3821 1168 3903 iocosa;
1213 3822 1371 3890 continet
1395 3822 1490 3891 enim
1514 3821 1703 3892 ridiculam
1727 3825 2022 3908 controversiam,

17 3926 127 4012 peium,
156 3931 221 3999 sed
244 3925 314 3998 hoc
337 3943 499 4022 tempore
523 3932 569 3999 ab
591 3955 633 4000 eo
657 3929 860 4022 longissime
884 3953 980 4000 rece·
1032 3923 1132 3994 cuius
1148 3925 1222 4017 ipse
1233 3926 1345 3994 factus
1362 3923 1407 3994 sit
1422 3923 1539 3994 iudex.
1590 3923 1676 3994 Vice
1691 3926 1822 4017 epilogi
1838 3940 1890 3994 est
1903 3950 2022 4018 repre-

18 4027 69 4097 dat.
113 4031 304 4102 Conclusio
322 4027 429 4103 hahet
445 4047 517 4103 tres
532 4033 648 4103 locos:
676 4029 978 4116 adhortationem,
1031 4023 1175 4111 hensio,
1215 4027 1288 4098 sive
1318 4026 1491 4096 correctio
1526 4027 1678 4097 instituti
1702 4027 1791 4110 ioci,
1830 4041 2021 4121 propterea

16 4141 82 4200 nlse
94 4134 244 4227 recipiat
259 4133 297 4202 in
319 4135 437 4204 locum
462 4147 596 4215 tutum;
631 4134 912 4204 consolationem
934 4137 978 4203 de
1030 4131 1126 4224 quod
1144 4129 1319 4199 incertum
1335 4129 1399 4213 sit,
1425 4153 1471 4197 an
1482 4128 1669 4198 Dolabella
1686 4129 1780 4197 laeto
1795 4129 1852 4196 vel
1867 4130 2019 4216 sollicito

15 4221 206 4306 limanitate
226 4235 407 4321 Caesaris,
433 4260 453 4306 a
476 4261 548 4330 quo
571 4237 714 4306 nemine
735 4237 842 4307 etiam
868 4238 977 4306 inter·
1028 4232 1074 4300 sit
1087 4232 1221 4304 animo.
1272 4227 1314 4298 ln
1328 4235 1397 4301 fine
1412 4231 1557 4300 additur
1573 4230 1617 4298 de
1632 4239 1748 4298 morte
1763 4223 1893 4324 Syllae.

16 4335 129 4406 cedente
153 4338 301 4408 veniam
327 4339 519 4430 impetrare
541 4337 672 4430 possit,
697 4351 732 4409 et
754 4335 975 4409 adhortatio·
1095 4331 1101 4342 ’
1906 4357 1913 4366 ·

14 4455 73 4506 nem
86 4447 252 4525 brevem,
276 4451 319 4512 ut
334 4465 442 4534 quarn
457 4441 616 4536 primum
630 4441 813 4515 rescribat.

1245 4396 1386 4470 Aliud
1406 4369 1801 4496 'argumentumssl

1015 4563 1020 4572 ·
1128 4535 1250 4606 Prima
1266 4535 1427 4604 narratio
1451 4546 1503 4606 est
1523 4534 1736 4606 deridicula
1762 4535 1916 4630 quadam
1943 4535 2015 4608 dis-

226 4604 369 4678 Aliud
399 4631 479 4702 ΠΒ
487 4621 733 4682 nmmum·
1026 4636 1226 4730 reptatione
1239 4637 1334 4706 inter
1349 4636 1440 4708 duos
1453 4636 1607 4722 amicos,
1639 4639 1684 4708 de
1700 4661 1770 4731 qua
1786 4650 1863 4708 erat
1877 4633 2015 4710 iudica·

87 4739 211 4812 Brevis
227 4743 390 4814 narratio
404 4745 447 4816 de
463 4741 667 4816 valetudine
681 4743 802 4816 uxoris
825 4755 861 4814 et
879 4743 972 4815 filiae
1006 4815 1012 4828 ,
1025 4751 1126 4810 turus
1139 4739 1280 4820 Cicero;
1303 4739 1434 4810 deinde
1448 4741 1493 4810 de
1507 4751 1623 4810 morte
1637 4739 1681 4812 P·
1695 4739 1825 4834 Syllae·

14 4833 176 4915 Ciceronis.
247 4847 416 4941 Sequitur
440 4844 666 4932 adhortatio,
699 4860 740 4918 ut
761 4845 893 4916 relictis
916 4872 971 4916 ca-

15 4940 71 5010 stris
82 4943 247 5038 Pompeii
261 4972 297 5020 se
312 4949 382 5018 alio
398 4953 567 5038 conferat.
619 4949 736 5020 Porro
752 4948 968 5041 principium
1055 4941 1433 5061 ‘qliiisff'gffliissfi
1451 4941 2009 5075 ffiieffissltlssiirflstisiilf'’riieiff

15 5036 244 5118 adhortationis
257 5046 365 5120 habet
379 5050 656 5124 insinuationem
678 5053 722 5122 de
744 5050 860 5120 officio
881 5052 969 5120 boni
1091 5077 1168 5126 aaut.
1186 5089 1275 5140 neque
1292 5081 1483 5145 argumentum
1499 5093 1588 5143 neque
1611 5081 1715 5134 mictu
1731 5080 1797 5133 Met.
1814 5077 1843 5128 tn
1860 5080 1929 5129 tenc
1947 5077 2007 5142 spt-
2030 5114 2034 5122 .

14 5149 207 5221 concuteris.
265 5151 436 5223 Rationes
458 5165 595 5238 autem,
630 5177 742 5249 qnare
763 5148 832 5221 hoc
852 5153 967 5222 facere
1086 5146 1187 5195 '‘⁰¹⁸''
1205 5151 1233 5196 ἰ
1251 5147 1320 5197 ⁶⁸⁸³
1336 5149 1485 5211 ”lum
1502 5150 1613 5203 mm·

13 5241 127 5333 debeat,
151 5265 315 5345 sumptae
330 5268 450 5326 sunta
472 5257 651 5348 praesenti
671 5267 767 5328 statu
783 5253 965 5346 Pompeii:
981 5305 984 5312 -
1046 5229 1302 5351 “lffuml
1320 5233 1361 5284 ¹¹⁰
1377 5231 1462 5284 Μ’
1477 5233 1573 5300 ¹⁶⁶²*
1589 5234 1683 5300 Μ’
1701 5233 1792 5297 ¹⁵⁹²3
1816 5227 1845 5282 ¹¹¹
1862 5231 1915 5284 Μ
1926 5230 2004 5286 ¹⁵⁶⁶·

13 5341 84 5436 Quia
96 5349 142 5423 ita
156 5354 270 5426 victus
285 5368 352 5442 est,
375 5359 530 5430 utnulla
547 5358 717 5430 victoriae
735 5381 814 5450 spes
827 5355 964 5453 reliqua
1049 5383 1099 5446 ss)
1115 5385 1176 5440 noc
1190 5387 1381 5454 umanum
1397 5385 1426 5438 u
1442 5385 1527 5440 ruet.
1541 5377 1733 5442 asam-me.
1751 5381 1853 5437 aaut.
