4548 5788
232 165 311 244 no
534 173 540 186 ·
840 159 1705 288 saumuscmrrarmnosocrcs
1838 222 1847 242 .
2163 171 2212 250 us

231 355 310 418 tun
326 365 448 416 mensu
462 341 678 438 quibusdam
700 343 928 429 ostenderes,
954 353 1128 438 uuquam
1154 365 1231 412 me
1282 335 1490 424 vobiscum,
1531 339 1675 436 qualem
1698 304 1773 412 esse
1795 339 1987 410 conveniat
2007 363 2098 424 eun,
2127 345 2173 436 qui
2188 348 2218 416 sit

232 459 312 518 mm
326 445 485 540 aliquem
500 457 537 515 et
551 446 715 517 dolorem
733 468 821 538 prae
835 471 895 518 me
917 447 1071 530 ierrmu,
1103 458 1141 516 et
1165 467 1231 514 vo·
1282 465 1367 513 vere
1380 441 1567 536 popularis
1584 467 1625 512 ac
1639 445 1848 516 moderatus
1863 443 1969 524 civis;
1994 455 2123 514 ecoutm
2135 446 2219 539 depin

39 571 45 580 ·
117 529 139 640 ,¹
234 571 320 622 oens
353 573 413 620 rna
444 548 692 640 cornigerum,
730 551 959 642 praedicares
992 561 1028 619 te
1054 569 1230 618 coronam
1283 566 1365 638 garn
1396 545 1627 618 ambitiosum
1650 559 1687 618 et
1707 547 1914 642 improbum
1936 546 2057 618 civem.
2107 545 2165 620 Vos
2181 575 2220 620 au·

233 665 462 745 sumpturum
482 675 576 736 esse,
602 653 633 724 si
648 653 737 746 quid
755 654 896 725 adversi
912 653 1118 723 alexandro
1140 651 1231 720 acci·
1284 661 1355 718 tem
1384 650 1545 719 conferte
1567 645 1633 720 has
1653 650 1828 742 imagines
1846 650 1945 720 inter
1967 673 2022 734 se,
2058 659 2091 718 et
2111 665 2220 721 sonim

232 751 348 827 duret.
396 751 439 822 ln
461 765 560 824 unta
581 755 768 827 occasione
791 751 883 826 nihil
907 755 1064 846 gessisti,
1097 753 1232 825 scilicet
1282 751 1436 844 plamini
1453 777 1556 838 eum,
1581 752 1655 822 utri
1670 754 1824 824 similior
1838 754 1905 840 sit,
1929 775 2005 822 nou
2020 751 2219 838 oratione,sel

233 857 403 928 differens
415 856 563 928 consilia
579 857 858 930 incommodius
875 857 1024 955 aliquod
1039 870 1192 950 tempus.
1283 855 1456 926 moribus.

227 979 232 995 ⁸
336 959 407 1030 Sed
423 959 666 1044 omissisillis,
680 961 797 1032 fficam
815 956 949 1046 dehis,
964 983 1058 1056 quae
1072 961 1110 1029 in
1124 983 1230 1054 prae·
1384 955 1691 1052 Fecistimoitaque
1705 981 1833 1030 omnes
1847 983 1913 1030 vos
1927 955 2221 1052 lateriquodopu·

202 1100 203 1114 κ
232 1059 349 1136 ands
383 1075 461 1132 acta
488 1075 584 1135 sunt.
641 1061 920 1134 Lacedaemonii
953 1078 989 1136 et
1015 1061 1231 1134 conducticii
1283 1071 1357 1130 teat
1372 1061 1508 1134 bonum
1527 1074 1563 1130 et
1576 1061 1788 1154 popularem
1803 1063 1916 1132 chesn
1935 1062 2044 1132 talem
2062 1085 2137 1132 esse.
2173 1061 2222 1130 is

233 1163 365 1235 milites
384 1166 524 1258 proelio
546 1167 641 1235 facto
664 1191 747 1238 cnm
766 1163 973 1260 Corrhago,
1007 1167 1131 1260 copias
1155 1165 1231 1236 eius
1284 1187 1384 1233 mum
1399 1164 1446 1234 sit
1461 1164 1658 1256 ingenuus,
1685 1165 1807 1236 liberis
1829 1163 2040 1258 parentibus
2058 1177 2222 1256 procreatos,

232 1268 454 1341 ddeverunt.
521 1267 793 1340 coniunxerant
832 1282 951 1340 autem
992 1293 1030 1342 se
1065 1293 1144 1340 oum
1180 1266 1231 1339 eis
1284 1287 1330 1336 ne
1346 1277 1496 1362 propter
1510 1268 1650 1360 genens
1670 1263 1911 1340 humiditatem
1935 1267 2089 1360 legibus,
2116 1267 2224 1360 quaele

233 1393 360 1442 omues
380 1369 460 1441 Elei
475 1369 523 1468 ¹⁸)
547 1383 583 1442 et
602 1367 737 1442 Achaei
764 1384 909 1465 praeter
932 1372 1161 1481 Pellenaeos,
1195 1383 1231 1440 et
1284 1369 1415 1440 bertoti
1428 1372 1571 1454 lavent,
1601 1371 1647 1442 sit
1664 1371 1834 1443 intensus.
1885 1371 2027 1442 Deinde
2049 1382 2170 1463 oportet
2185 1371 2222 1436 ali·

220 1483 309 1544 esta
326 1473 481 1544 Arcadia
496 1485 639 1566 praeter
655 1497 823 1569 magnam
843 1477 990 1556 urbem3
1022 1472 1111 1547 haec
1134 1474 1231 1546 enim
1286 1473 1384 1568 quod
1397 1473 1609 1544 beneficium
1627 1475 1807 1560 maiorum
1824 1474 1936 1568 ipsius
1960 1487 2080 1544 estare
2101 1473 2135 1540 in
2150 1497 2224 1564 popa

231 1573 465 1668 premebatur
495 1575 703 1662 obsidione,
737 1591 771 1648 et
794 1579 955 1675 quotidie
977 1579 1168 1650 videbatur
1193 1577 1232 1646 in
1284 1575 1380 1660 lum,
1414 1587 1479 1647 aut
1501 1589 1614 1661 certe,
1651 1577 1750 1674 quod
1769 1576 2011 1650 necessarium
2037 1591 2103 1661 est,
2131 1576 2224 1645 nullm

232 1673 392 1750 hostium
415 1691 630 1772 potestatem
652 1693 818 1754 ventura.
877 1681 1084 1754 Alexander
1111 1693 1230 1752 autem
1285 1701 1360 1750 esse
1375 1679 1565 1772 publicum
1585 1681 1714 1751 odium
1739 1681 1894 1754 civitatis
1914 1682 2084 1752 adversus
2105 1703 2170 1761 eos,
2192 1701 2226 1760 ne,

230 1782 360 1874 proesd
376 1794 474 1852 entra
499 1783 781 1876 septentrionem
806 1797 842 1854 et
864 1809 980 1877 paene
1003 1797 1104 1857 extra
1126 1805 1232 1856 muu—
1284 1781 1315 1853 si
1332 1795 1483 1854 conetur
1496 1807 1559 1854 eos
1573 1784 1710 1870 ulcisci,
1734 1783 1873 1854 civitati
1887 1785 2026 1856 andum
2042 1779 2226 1852 machinetur.

113 1961 123 1983 x
170 1889 173 1898 ’
231 1885 319 1956 hm
337 1885 473 1958 aberat.
524 1887 716 1980 Antipater
731 1899 852 1958 autem
876 1889 1069 1982 occupatus
1093 1887 1232 1958 eratin
1285 1885 1411 1958 Tertio
1443 1888 1613 1964 convenit
1642 1888 1758 1980 ipsum
1785 1888 1931 1979 ingenio
1946 1882 2113 1958 modesto
2134 1884 2226 1956 esula

231 1983 488 2060 eouuabmdis
517 1989 712 2074 militibus,
752 2001 789 2058 et
823 1991 952 2062 exitus'
975 2004 1053 2066 erat
1087 1991 1230 2063 dubius.
1284 1989 1495 2084 quotidiana
1512 1989 1606 2075 vita,
1631 2015 1678 2062 ne
1699 1990 1859 2084 patiatur
1880 2015 1917 2064 se
1935 1989 2087 2084 pecunia
2111 2013 2128 2058 a
2150 1985 2226 2080 patri

230 2088 302 2160 lte
321 2091 487 2175 ostende,
521 2091 610 2186 quid
633 2091 849 2184 susceperis,
882 2117 930 2166 an
952 2085 1141 2167 consilium
1166 2095 1231 2164 ali·
1284 2093 1501 2178 abalienari,
1528 2095 1624 2164 unde
1644 2095 1767 2166 luxum
1791 2096 1946 2165 tolerare
1967 2107 2088 2190 queat.
2133 2091 2228 2184 Quam

232 2193 332 2288 quod
361 2193 501 2266 civitati
529 2195 683 2267 dederis.
742 2194 851 2290 Quod
881 2197 911 2269 si
937 2197 1010 2286 vis,
1040 2199 1230 2291 tantisper,
1282 2195 1329 2268 sit
1351 2207 1388 2266 et
1410 2198 1602 2291 prudentia
1628 2211 1664 2268 et
1684 2199 1889 2294 eloquentia
1913 2198 2116 2269 instructus.
2158 2194 2229 2264 Pne-

230 2296 484 2381 cunradus,
509 2300 634 2368 cedam
649 2297 717 2369 tibi
733 2299 780 2369 de
794 2313 971 2392 suggesto.
1024 2301 1119 2396 Quia
1141 2320 1229 2372 vero
1283 2300 1420 2372 clarum
1437 2312 1491 2372 est
1504 2301 1601 2370 enim
1618 2301 1655 2370 in
1671 2301 1824 2396 publicis
1839 2301 1999 2374 consiliis
2014 2323 2074 2384 ea,
2088 2305 2229 2393 quaesout

231 2409 347 2484 taces,
374 2397 525 2492 ignosco
548 2401 615 2472 tibi
635 2401 839 2484 dubitanti3
876 2426 1001 2476 amum
1026 2428 1120 2501 quae
1143 2416 1230 2476 tunc
1281 2399 1552 2490 honestissima,
1576 2404 1707 2497 eligere
1724 2415 1760 2477 et
1775 2405 1897 2501 sequi,
1918 2416 1954 2474 et
1968 2415 2071 2474 tanta
2086 2421 2229 2492 esseprae

230 2501 383 2586 dixeris,
408 2525 477 2596 ego
491 2527 587 2574 nusae
603 2507 909 2579 commemorabo.
1281 2505 1397 2576 ditum
1427 2519 1505 2578 tunr
1534 2508 1748 2600 autoritate,
1780 2523 1858 2578 tum
1890 2507 2114 2602 eloquentia,
2144 2515 2179 2574 ut
2193 2499 2228 2568 ii

331 2604 416 2676 Non
430 2607 644 2680 meministis
658 2609 733 2681 eius
747 2609 868 2702 turpia
883 2622 921 2680 et
935 2609 1091 2680 absurda
1106 2611 1229 2696 verba,
1280 2610 1418 2702 populo
1438 2613 1656 2704 persuadere
1679 2625 1806 2706 queris
1842 2621 1881 2682 et
1900 2625 1942 2682 ut
1963 2605 2129 2680 hoc-nou
2147 2601 2229 2700 possit

229 2725 324 2800 quae
355 2731 421 2780 vos
454 2709 563 2780 semi
589 2711 715 2782 audire
734 2710 970 2796 sustinuistis,
1004 2713 1151 2807 quando
1173 2714 1229 2783 in·
1281 2725 1404 2786 tamen
1439 2727 1493 2787 est
1529 2715 1760 2784 anteferenda
1803 2714 2032 2810 eloquentiae
2076 2706 2229 2805 prudentii·

230 2809 327 2903 quit:
361 2810 521 2903 Quidam
535 2813 763 2884 vindemiant
776 2817 926 2900 urbem,
959 2828 1150 2909 amputant
1163 2839 1229 2911 po·
1281 2815 1420 2909 Quinto
1437 2817 1560 2910 magni
1575 2817 1689 2888 animi
1704 2819 1769 2904 sit,
1794 2841 1840 2888 ne
1856 2817 1895 2888 in
1915 2815 2087 2911 periculis
2109 2839 2146 2883 ac
2162 2805 2231 2880 bellis

227 2913 355 3004 pulum
371 2924 545 3010 unqum
563 2917 749 3009 palmites,
774 2918 988 3012 praecidunt
1002 2943 1126 2991 rerum
1146 2943 1229 2991 ner·
1280 2918 1454 3012 populum
1471 2921 1624 2993 deserat.

228 3037 312 3096 rom
339 3019 591 3110 compellimur
612 3021 651 3090 iu
674 3033 813 3097 aretum
838 3023 936 3095 velut
956 3028 1121 3118 sportae,
1147 3024 1228 3120 qui-
1382 3018 1498 3094 Athis
1512 3021 1704 3096 virtutibus
1719 3021 1901 3093 contraria
1924 3019 2013 3092 vitia
2037 3017 2140 3092 habet
2157 3012 2232 3086 aubi·

227 3117 314 3188 &m
330 3121 430 3190 velut
444 3143 511 3193 acn
535 3124 700 3196 dantum
720 3149 799 3196 nos.
849 3125 949 3197 llaec
969 3140 1092 3197 utrum
1117 3128 1226 3198 verba
1280 3123 1392 3198 tiosus
1420 3125 1519 3199 civis.
1572 3125 1670 3222 Quid
1698 3126 1796 3196 enim
1826 3149 1968 3196 necesse
2005 3138 2060 3197 est
2093 3111 2230 3216 repedet

228 3239 277 3288 au
291 3233 459 3312 portenta
476 3225 713 3297 existimanda
737 3227 844 3298 sunt?
870 3229 920 3299 Et
942 3253 1086 3315 rursus,
1113 3254 1227 3326 quan·
1279 3225 1407 3300 Videte
1425 3253 1532 3314 vero,
1557 3229 1646 3326 quid
1667 3225 1799 3300 horum
1812 3224 2055 3304 Demostheni
2077 3227 2168 3297 adsit.
2202 3215 2230 3288 Ei

227 3322 277 3392 do
305 3317 454 3397 deluens
481 3338 519 3395 te
543 3328 638 3398 circa
670 3329 850 3422 pulpitum
875 3331 1015 3415 dixisti,
1050 3345 1225 3428 tanquam
1280 3342 1320 3400 ut
1336 3331 1463 3402 ordine
1482 3333 1604 3402 omnia
1621 3333 1881 3415 subducamus,
1904 3344 2010 3424 pater
2025 3328 2109 3402 hnic
2120 3321 2230 3398 leitils

226 3421 434 3497 Almndro
449 3430 660 3502 adversans:
694 3429 899 3505 Fateorme
920 3430 1082 3508 Lacones
1107 3436 1227 3507 conci·
1279 3430 1503 3519 mosthenes,
1543 3435 1600 3506 vir
1620 3435 1829 3528 ingenuus,
1867 3435 2107 3530 nequeenim
2127 3419 2230 3502 trientisi

226 3539 340 3614 hess,
365 3531 482 3603 fateor
501 3555 560 3604 me
585 3529 776 3607 Thessalos
797 3548 833 3607 et
846 3532 1072 3610 Perrhaebos
1096 3541 1143 3609 ad
1164 3541 1226 3610 de·
1278 3537 1465 3620 convenit3
1487 3541 1553 3610 sed
1567 3539 1683 3636 qualis
1698 3551 1816 3608 mater
1829 3549 1865 3608 et
1887 3551 2076 3610 maternus
2094 3559 2169 3606 avus
2182 3530 2231 3598 ior

224 3631 416 3704 fediouem
441 3636 637 3728 impulisse.
689 3638 748 3710 Tu
770 3663 883 3713 uuum
905 3641 1025 3712 vietam
1049 3667 1226 3729 moveres,
1277 3639 1370 3725 rint,
1394 3639 1525 3713 dicam.
1576 3641 1780 3736 Gylontuit
1794 3641 1996 3738 quispiam,
2017 3643 2081 3737 qni
2095 3651 2230 3724 compte

225 3757 308 3807 cnm
325 3739 373 3806 ad
387 3739 537 3811 domum
551 3741 710 3826 nullam,
737 3741 776 3812 in
793 3766 864 3839 qua
888 3744 1026 3840 aliquid
1051 3759 1104 3819 est
1130 3747 1226 3841 peri-
1278 3741 1425 3815 didisset
1437 3745 1612 3842 oppidum
1629 3744 1667 3815 ia
1682 3745 1824 3827 Ponto,
1854 3747 1952 3839 quod
1972 3756 2061 3814 tunc
2081 3743 2118 3812 in
2136 3737 2231 3810 dirim

190 3844 191 3852 ’
226 3837 318 3924 suti,
349 3843 484 3913 nedum
514 3846 562 3913 ad
582 3845 710 3916 urbem
732 3845 891 3941 aliquam
916 3849 1084 3920 accedere
1106 3849 1226 3922 ausis?
1277 3846 1377 3920 urbis
1392 3859 1538 3920 nostrae
1553 3861 1651 3934 erat,
1666 3845 1812 3942 capitali
1828 3847 1962 3917 iudicio
1977 3847 2230 3925 damnatusttt

177 3953 180 3958 “
225 3939 298 4012 Sed
329 3942 393 4013 ubi
416 3945 569 4038 pecunia
592 3947 660 4016 tibi
683 3947 872 4036 obiicitur,
905 3953 1083 4037 adoraris,
1114 3978 1225 4046 nego·
1280 3963 1462 4045 expectata
1479 3973 1597 4044 poene
1614 3949 1788 4024 concessit
1802 3949 1840 4020 in
1854 3950 2015 4036 exilium,
2036 3947 2230 4042 etprolectus

224 4043 316 4116 tiam
334 4057 454 4120 autem
476 4049 557 4120 viro
580 4049 731 4142 dignum
752 4076 940 4148 nunquam
964 4078 1089 4148 gerere
1111 4057 1224 4139 soleas
1279 4065 1332 4125 est
1353 4055 1399 4124 ad
1417 4053 1623 4147 Bosporum
1639 4053 1707 4156 ¹⁸),
1741 4053 1791 4124 lbi
1812 4055 1969 4124 donatus
1991 4067 2047 4128 ⁸⁸2
2068 4077 2087 4122 θ
2110 4037 2230 4145 symoni

224 4149 287 4220 ssd
304 4147 371 4220 sitsi
393 4151 537 4223 landem
561 4177 729 4248 arrogas,
765 4155 904 4254 siquid
927 4159 1224 4248 forteacciderit,
1276 4151 1392 4228 hortis
1407 4158 1641 4252 quibusdam,
1666 4171 1702 4230 et
1716 4157 1818 4229 demit
1837 4181 1987 4226 uxorem
2005 4151 2229 4250 opulentamtl

224 4263 376 4327 &tuum
392 4277 529 4327 nomen
543 4259 590 4328 ad
603 4260 738 4329 tactum
758 4260 946 4334 adscribis:
973 4285 1115 4348 rursus,
1142 4288 1223 4335 casm
1276 4260 1369 4330 bene
1390 4261 1574 4345 dotatam,
1600 4285 1725 4333 verum
1740 4255 1958 4355 Scythicam.
2014 4257 2071 4330 Ex
2091 4253 2151 4327 hac
2170 4253 2228 4320 dun

222 4353 351 4428 incidit
374 4356 595 4452 periculum,
625 4362 736 4454 lugius
771 4361 833 4433 sed
857 4388 938 4435 casm
962 4377 1061 4434 extra
1084 4367 1225 4460 pericu·
1277 4363 1432 4455 suscepit
1446 4365 1550 4450 illias,
1563 4389 1653 4460 quas
1668 4390 1749 4437 cum
1763 4359 1835 4435 huc
1849 4362 2003 4436 misisset
2012 4387 2096 4433 euru
2112 4353 2227 4464 marini

223 4461 299 4532 inni
314 4485 458 4551 tumus,
488 4463 693 4560 praemium
708 4465 867 4557 flagitas,
900 4479 937 4540 et
956 4468 1012 4540 vis
1033 4469 1099 4540 tibi
1121 4495 1224 4542 coro·
1276 4467 1449 4559 pecunia,
1481 4468 1672 4538 collocavit
1694 4470 1844 4539 alteram
1865 4465 1988 4538 nescio
2010 4465 2069 4536 cui
2088 4463 2123 4532 in
2140 4467 2229 4529 matri

226 4582 293 4636 nas
306 4567 464 4642 decerni.
1277 4570 1454 4642 monium.
1506 4569 1647 4642 Omitto
1663 4573 1774 4658 enim,
1789 4571 1968 4664 neplures
1983 4568 2163 4639 offendam.
2188 4553 2227 4626 ll·

326 4667 398 4743 Sed
412 4671 572 4742 iactatae
587 4673 800 4766 popularem
816 4697 902 4746 esse.
944 4673 1053 4768 Quod
1067 4673 1097 4745 si
1110 4674 1225 4769 respi·
1277 4685 1393 4744 teram
1412 4672 1515 4746 duxit
1528 4670 1789 4748 Demosthenes
1811 4685 1936 4744 contra
1958 4671 2059 4744 urbis
2079 4671 2178 4762 leges,
2200 4675 2226 4724 ὅ

224 4765 413 4844 uicissim
427 4775 614 4866 magnilica
630 4777 760 4864 umba,
787 4775 942 4874 decipiet
961 4803 1027 4854 vos
1045 4779 1137 4850 sicut
1159 4801 1224 4849 an·
1277 4799 1348 4871 qua
1380 4777 1446 4849 iste
1478 4801 1592 4850 vanus
1621 4774 1734 4850 homo
1764 4793 1799 4850 et
1828 4771 2049 4874 sycophanta
2077 4783 2169 4842 natus
2185 4769 2224 4829 eil

83 4879 86 4884 ’
223 4885 302 4957 ¹0²3
336 4869 399 4947 sed
427 4876 458 4948 si
483 4891 651 4948 usturam
674 4881 752 4956 ,e'ms
775 4894 813 4951 et
835 4905 913 4958 rem
937 4879 1221 4968 considerabitis,
1275 4879 1434 4952 Proinde
1449 4903 1591 4954 necesse
1613 4897 1665 4955 est
1679 4907 1759 4955 eum
1775 4893 1926 4975 propter
1939 4875 2094 4949 materni
2113 4871 2161 4943 avi
2177 4883 2226 4934 wt-

221 5001 299 5050 non
314 4979 493 5051 errabitis.
545 4979 682 5053 Verum
696 4985 747 5056 sic
764 4985 950 5056 erudiatis
975 5009 1079 5073 eum,
1106 4997 1143 5056 et
1164 5008 1223 5056 ra»
1275 4985 1431 5054 moriam
1446 4987 1581 5079 populo
1604 4987 1699 5058 male
1720 4987 1831 5070 velle,
1864 4983 1948 5080 quia
1973 4981 2120 5052 maiores
2139 4971 2222 5042 eiust

221 5083 360 5155 donem
381 5085 487 5156 abeo
501 5084 699 5178 posterlotis.
735 5087 829 5180 'Ego
842 5089 1038 5161 subducam
1061 5090 1222 5161 rationes
1275 5088 1377 5160 vobis
1394 5089 1509 5182 capite
1525 5089 1686 5160 damnati
1702 5101 1805 5175 sunt,
1828 5100 1864 5158 et
1888 5111 1907 5157 a
1931 5098 2047 5157 matre
2060 5073 2172 5176 scytha
2190 5073 2223 5136 δῖ

223 5257 430 5278 *un———n
1284 5261 1493 5278 *—

262 5358 310 5416 tt)
328 5356 405 5418 nisi]
422 5359 494 5410 hauc
510 5359 627 5410 formam
638 5357 783 5421 vulgarem
795 5355 956 5420 scripsimus
969 5369 1037 5426 pros
1059 5359 1149 5428 illati,
1167 5373 1221 5428 qus
1310 5365 1357 5424 ta)
1375 5363 1543 5426 uesperum]
1562 5359 1604 5414 sic
1622 5360 1785 5428 scripsimus
1802 5376 1839 5408 τ.-
1854 5353 2017 5425 adsumas,-
2032 5353 2081 5406 td.
2098 5347 2159 5402 itit.
2173 5342 2221 5392 Ν·

292 5425 344 5479 Ed.
363 5427 440 5482 tiit.
459 5439 589 5495 praeessu
604 5420 708 5479 'Elaios
723 5426 748 5478 a.
767 5427 787 5478 t.
806 5427 942 5490 expetnit.
1342 5433 1464 5496 piorum.
