4696 5802
23 231 68 308 n
128 227 255 304 xxllt
307 226 715 304 anemurum
738 227 947 304 mmm
970 227 1023 306 m
1048 227 1201 307 BPlS'l'.
1224 227 1344 313 md.
1368 229 1636 316 Cistldffll.
1660 235 1736 314 Π.
1753 242 1813 318 10.
1832 243 1892 318 11.
1911 243 1973 323 12.
2031 247 2083 323 78

20 421 182 499 ternpore
205 402 359 498 configit
380 427 456 477 esse
479 403 519 476 in
541 403 643 478 urhe.
676 402 828 475 ⁴Primo
852 403 933 476 loco
958 429 1024 498 po·
1075 404 1353 482 excusationem.
1419 405 1561 482 Deinde
1582 435 1621 484 se
1643 411 1854 514 consiliofl)
1878 415 1991 490 Caelii
2023 443 2080 492 ar-

21 522 156 580 nnntur
170 510 304 580 breves
318 508 549 580 narrationes
566 509 613 578 de
626 507 834 578 rumoribus
847 521 883 578 et
897 511 943 579 de
958 529 1023 579 soa
1076 511 1258 604 quiescere
1273 512 1364 581 velle
1381 514 1537 584 ostendit
1547 512 1608 602 ¹¹).

23 610 275 685 sollicitudine.
349 609 489 682 Deinde
520 609 683 706 sequitur
713 607 939 694 adhortatio,
983 623 1025 681 ut
1180 607 1265 704 51.
1291 617 1363 688 set
1383 619 1517 688 meeis
1526 612 1601 714 ι9)]
1626 615 1828 690 Exordium
1845 645 1870 690 a
1894 645 2079 694 commen·

21 717 153 786 litteras
177 715 327 784 obviam
348 713 490 799 mittat,
531 738 574 785 er
603 714 734 809 quihus
762 726 893 785 statum
924 714 1024 784 urbis
1075 713 1223 786 datione
1246 715 1461 796 litterarum.

23 819 139 912 aliquo
153 819 270 888 modo
284 817 478 910 intelligat,
511 841 556 887 ne
578 818 685 910 plane
709 829 884 910 tanquam
906 841 1023 888 novus
1096 867 1102 880 ·
1179 813 1211 909 5
1223 823 1261 893 2.
1287 815 1544 919 asumptum]
1570 819 1764 906 Narratio,
1790 824 1828 894 in
1853 849 1924 920 qua
1948 841 2001 898 est
2019 852 2078 901 ex-

22 919 147 1014 hospes
161 923 292 992 redeat
308 921 346 990 in
360 922 500 994 urbem.
557 916 815 992 Adhortationi
835 919 1024 991 subiicitur
1074 919 1208 1012 positio
1225 921 1367 993 consilii
1386 923 1444 993 sui
1465 925 1509 992 de
1524 922 1657 1016 Appio.
1735 925 1966 1024 Κωμεκόςῆ
1980 925 2079 1026 μάρ-

21 1049 109 1096 nova
139 1024 420 1096 narratiuncula
452 1028 496 1095 dc
524 1024 679 1096 discessu
702 1023 924 1108 amicorum,
959 1023 1023 1117 qui
1074 1018 1161 1122 rvr]
1198 1023 1237 1094 id
1269 1036 1342 1107 est,
1385 1025 1484 1098 testis
1516 1025 1751 1112 domesticus,
1795 1030 1898 1124 quasi
1924 1033 2076 1122 diceret:

22 1127 267 1198 commendati
291 1139 394 1198 erant
415 1151 436 1198 a
456 1126 591 1199 Caelio.
650 1125 753 1200 llanc
775 1127 939 1220 sequitur
960 1128 1024 1196 ad·
1074 1125 1307 1225 Quamquam
1324 1121 1434 1200 habet
1447 1140 1574 1200 testem
1596 1130 1852 1216 domesticum,
1879 1134 1943 1228 qui
1964 1135 2102 1229 pluri.

21 1231 196 1314 monitio,
232 1255 328 1326 qnae
357 1242 411 1302 est
438 1230 648 1324 principalis
670 1229 872 1325 propositio
896 1230 936 1300 in
955 1225 1023 1300 hac
1075 1253 1174 1298 mum
1192 1224 1367 1300 hacinre
1384 1231 1504 1301 valere
1520 1232 1639 1311 dehet.
1716 1238 1811 1308 Haeo
1829 1237 1941 1335 φιβ’)
1960 1241 2076 1329 ptura·-

22 1334 194 1427 epistola,
228 1347 271 1404 ut
291 1333 352 1404 illa
375 1335 562 1406 occasione
587 1334 759 1404 manendi
781 1332 921 1404 Romae
946 1344 1023 1403 uta·
1074 1325 1155 1430 ius]
1181 1330 1354 1424 Purgatio
1378 1347 1414 1404 et
1437 1333 1647 1429 principalis
1670 1337 1939 1436 propositio”).
2016 1345 2076 1413 lis

20 1451 92 1522 tur,
119 1461 234 1532 seque
250 1438 297 1509 ob
316 1461 394 1508 eam
410 1461 488 1508 rem
502 1438 641 1510 felicem
662 1437 852 1510 existimet.
903 1435 1022 1506 Hanc·
1074 1458 1112 1504 eo
1133 1434 1328 1532 quidest)
1350 1433 1538 1537 mptceet]
1567 1439 1682 1512 Causa
1703 1441 1924 1514 offensionis.
2001 1445 2076 1515 No·

21 1566 86 1636 que
103 1540 305 1633 amplificat
324 1541 468 1637 querela
492 1544 537 1612 de
560 1565 625 1612 sua
647 1539 959 1634 peregrinatione,
984 1540 1023 1608 in
1073 1541 1141 1608 stri
1162 1535 1379 1636 Dolabellae]
1419 1537 1454 1612 le
1485 1551 1557 1624 est,
1600 1541 1665 1636 qui
1694 1545 1874 1617 accusavit
1904 1543 2076 1640 Appium.

21 1669 88 1740 qna
106 1643 300 1737 multas¹⁸)
314 1643 498 1715 molestias
511 1656 677 1738 expertus
693 1644 750 1717 sit.
795 1639 837 1714 In
853 1645 924 1713 line
941 1644 1023 1713 bre·
1073 1637 1264 1712 &curavit
1279 1655 1398 1714 autern
1416 1665 1519 1724 eum,
1545 1644 1759 1739 priusquam
1773 1649 1887 1719 lactus
1901 1661 1954 1720 est
1967 1673 2076 1742 gener

21 1748 69 1817 sis
84 1761 137 1818 est
161 1747 380 1840 significatio
395 1747 451 1819 sui
473 1751 670 1832 adventus,
700 1757 736 1818 et
757 1741 1023 1818 adhortationis
1075 1742 1271 1816 Ciceronis.
1838 1835 1849 1850 ,

22 1851 207 1943 repetitio,
233 1863 275 1922 ut
289 1851 426 1924 litteras
442 1851 588 1922 obviam
603 1851 734 1922 mittat.
1179 1843 1211 1938 §.
1227 1847 1263 1920 ὃ.
1289 1851 1455 1922 Nostrum
1475 1845 1643 1949 mtrem]
1671 1849 1878 1924 Curionem.

248 2051 386 2124 Aliud
413 2052 804 2151 argumentum&
1292 2007 1432 2083 Aliud
1457 2016 1853 2118 argumentum“).

1176 2146 1338 2240 Epistola
1357 2153 1586 2244 responsoria
1601 2165 1654 2226 cst
1668 2155 1715 2224 ad
1731 2168 1866 2226 sertam
1884 2157 2009 2244 Caelii,
2034 2161 2073 2237 in

1075 2273 1146 2344 qna
1164 2250 1434 2343 diligentissime
1450 2279 1518 2346 pro
1526 2256 1646 2350 Appio
1656 2256 1867 2344 intercessit,
1882 2286 1988 2356 quem
1999 2262 2074 2334 Do·
2183 2321 2190 2330 .

1073 2353 1203 2424 labella
1210 2351 1258 2448 ⁸⁶)
1275 2378 1376 2424 reum
1394 2357 1522 2448 agebat
1534 2360 1579 2429 de
1601 2359 1752 2433 ambitu.
1805 2363 1991 2436 Promittit
2008 2367 2074 2436 ita·

1075 2481 1145 2552 que
1161 2456 1199 2526 in
1216 2451 1283 2526 hac
1298 2457 1447 2551 epistola
1458 2458 1603 2546 Cicero,
1628 2485 1666 2535 se
1681 2458 1751 2535 hoc
1767 2487 1809 2535 ex
1823 2466 1947 2536 auimo
1960 2470 2073 2542 sactu·

120 2205 277 2278 Exordii
298 2207 380 2280 loco
402 2209 552 2300 ponitur
574 2208 694 2281 hrevis
710 2207 895 2291 narratio,
928 2229 1022 2301 quae

23 2312 185 2380 continet
215 2307 441 2382 occasionem
472 2337 535 2385 seu
559 2337 723 2412 cauum,
756 2337 869 2407 quare
886 2310 1023 2400 flagitet

23 2426 213 2506 tantopere
229 2413 379 2486 litteras.
431 2416 603 2512 Sequitur
624 2416 846 2509 propositio,
873 2427 914 2486 ut
928 2414 1022 2484 litte-

24 2540 77 2587 ras
92 2542 206 2612 quam
222 2517 380 2611 primum
397 2521 528 2590 mittat.
580 2519 720 2590 Deinde
743 2531 796 2590 est
817 2541 913 2590 nova
937 2539 1022 2586 nar-

23 2620 248 2705 ratiuncula,
275 2622 332 2691 cui
357 2622 545 2692 subiicitur
564 2646 658 2694 nova
684 2617 890 2694 adhortatio
912 2643 932 2689 a
955 2643 1021 2692 suo

24 2725 207 2815 exemplo,
234 2737 275 2796 ut
291 2723 430 2794 Romae
449 2740 615 2811 maneat,
648 2751 713 2797 nec
735 2725 856 2818 cupiat
879 2723 1022 2814 longius

1073 2584 1169 2632 rum.
1219 2559 1350 2632 Postea
1375 2560 1477 2632 addit
1498 2587 1601 2636 suam
1624 2567 1859 2653 sententiam,
1890 2593 1953 2642 seu
1976 2595 2074 2642 corn-

1073 2662 1327 2756 probationem
1350 2666 1394 2734 de
1419 2659 1496 2750 his,
1536 2691 1629 2762 quae
1653 2669 1879 2744 intellexerat
1900 2674 1944 2744 de
1967 2675 2074 2746 rebus

1043 2829 1044 2834 ,
1075 2765 1292 2864 urbanis“).
1343 2763 1452 2852 Item,
1478 2772 1576 2863 quod
1598 2772 1685 2844 satis
1710 2797 1785 2843 non
1808 2775 1923 2867 possit
1945 2775 2073 2846 mirari

1074 2869 1171 2943 illam
1195 2869 1350 2941 subitam
1374 2871 1613 2944 mutationem
1636 2874 1817 2948 Curionis.
1872 2877 2074 2952 Exordium

1074 2973 1227 3044 sunritur
1249 2995 1269 3042 a
1291 2973 1560 3065 praedicatione
1574 2975 1776 3048 litterarum
1793 2979 1925 3066 Caelii,
1951 2984 2073 3053 addita

1074 3074 1332 3166 significatione
1356 3099 1442 3146 suae
1466 3078 1662 3150 voluntatis
1686 3105 1770 3174 erga
1794 3085 1979 3175 negotium
2000 3084 2074 3180 Ap-

1075 3177 1140 3270 pii.
1190 3175 1361 3248 Narratio
1377 3191 1519 3250 constat
1533 3181 1692 3274 primum
1708 3186 1980 3259 enumeratione
1997 3189 2075 3260 veri

122 3289 252 3361 Cicero
290 3286 433 3357 orditur
460 3282 554 3358 hanc
586 3287 773 3380 epistolam
803 3288 849 3357 ah
879 3287 1021 3372 affectu,
1075 3279 1211 3352 amoris
1231 3277 1361 3374 Appii,
1396 3307 1503 3377 quem
1537 3285 1672 3378 colligit
1700 3311 1743 3357 er
1774 3289 1908 3362 mutuis
1937 3293 2074 3371 officiis.

22 3391 179 3475 horest,
204 3390 483 3483 adescriptionc
504 3415 589 3462 suite
610 3390 881 3475 sollicitudinis,
908 3415 1021 3486 caque
1073 3383 1203 3456 Postea
1236 3386 1420 3456 adduntur
1445 3402 1655 3478 argumenta
1680 3414 1699 3460 a
1723 3392 1889 3484 personis
1917 3409 2074 3488 sumpta,

24 3510 71 3568 est
89 3494 232 3566 occasio
249 3495 452 3588 petitionis,
480 3519 550 3590 qua
566 3496 674 3588 petit,
698 3508 740 3565 ut
760 3495 828 3566 sihi
851 3496 895 3564 de
915 3495 1021 3566 rebus
1075 3487 1173 3582 quod
1196 3487 1326 3558 merito
1348 3513 1430 3560 eum
1454 3490 1625 3562 adiuvare
1646 3494 1785 3568 debeat.
1838 3495 1933 3590 Quia
1953 3511 2074 3569 autem

24 3599 172 3670 urbanis
193 3597 337 3670 scribat.
396 3597 586 3669 Postremo
610 3594 825 3668 adhortatur
847 3622 950 3681 cum,
980 3610 1022 3668 ut
1074 3614 1205 3683 magna
1234 3590 1389 3683 suspicio
1423 3607 1521 3678 erat,
1568 3608 1720 3688 propter
1745 3597 2075 3672 dissimilitudinem

22 3703 162 3772 hornae
189 3713 356 3784 maneat,
395 3725 461 3771 nec
490 3701 627 3773 ambiat
652 3701 877 3796 provincias,
918 3699 1021 3796 quasi
1074 3691 1345 3764 administratae
1377 3695 1608 3788 provinciae,
1649 3722 1783 3770 novam
1815 3702 2075 3776 dissensionem

25 3807 175 3878 dicerer:
216 3803 325 3874 varia
349 3805 584 3890 nuntiantur,
624 3829 709 3898 ergo
733 3805 906 3877 sollicitus
928 3829 1021 3889 sum,
1075 3821 1150 3870 esse
1170 3797 1266 3866 inter
1287 3821 1367 3880 eos.
1396 3797 1540 3870 subiicit
1562 3803 1607 3870 de
1629 3824 1671 3871 ea
1696 3825 1735 3873 re
1760 3806 2015 3897 purgationem
2039 3818 2075 3878 et

25 3923 56 3981 et
70 3935 162 3995 oro,
182 3903 329 3981 utmihi
346 3907 490 3980 scribas.
566 3936 572 3950 ¹
1074 3923 1217 3971 causam
1242 3899 1470 3986 offensionis,
1502 3901 1706 3994 significans
1726 3931 1763 3976 se
1786 3907 1839 3976 nil
1862 3909 1985 3982 iecisse
2006 3933 2074 3981 un·

766 4024 768 4032 ·
1073 4027 1184 4098 quam
1215 4003 1252 4071 in
1280 4003 1468 4096 provincia
1498 4028 1579 4077 cum
1611 4007 1852 4080 diminutione
1887 4011 2073 4104 dignitatis

24 2826 215 2898 discedere.
267 2823 308 2895 ln
322 2827 393 2897 fine
410 2841 463 2898 est
484 2830 605 2902 brevis
621 2829 787 2924 repetitio
803 2827 1022 2930 propositio·

22 2928 73 2998 nis
89 2931 136 3000 de
152 2928 284 3000 litteris
298 2931 496 3006 mittendis.

276 3133 415 3206 Aliud
442 3148 771 3228 argumentum.

71 4171 396 4263 Afssumfflum
428 4177 472 4234 ⁰²
504 4160 681 4236 ⁸⁰h⁰¹l³
716 4164 762 4235 ³¹¹
798 4163 969 4258 ΨΜ·
1109 4229 1156 4298 rr)
1175 4227 1737 4296 constaruntlensensem:
1766 4233 1895 4288 onorio.

395 4269 480 4375 lam
505 4267 646 4370 xli-¹⁰>
1110 4318 1236 4438 rsqeppo
1257 4319 1450 4436 ergppsntu·
1476 4315 1506 4367 n
1522 4317 1609 4370 reru
1630 4319 1842 4390 κεν-πει,
1868 4322 1961 4392 rusa„
1986 4323 2073 4393 rseo,

1214 4421 1220 4435 .
1241 4399 1308 4450 repe
1348 4399 1391 4440 or.

126 4443 225 4516 flacc
247 4440 363 4532 magle
387 4452 551 4510 accurate
578 4439 708 4533 scripta
736 4453 800 4512 est.
868 4439 1021 4514 Generis
1111 4470 1160 4530 ta)
1177 4473 1312 4532 meets]
1335 4472 1378 4524 rto
1401 4471 1469 4523 tilae
1491 4461 1595 4536 ttdltt.;
1630 4473 1680 4525 Ed.
1700 4474 1787 4528 orell.
1814 4489 1929 4529 manes.
1946 4500 1984 4516 ··-
2018 4479 2074 4535 Pro

30 4546 198 4618 iudicialis
222 4543 352 4640 essm),
390 4543 476 4640 quia
500 4555 552 4614 est
574 4544 761 4636 purgatio,
797 4568 890 4639 quae
911 4540 1021 4615 hahet
1143 4539 1889 4673 ffiffl’suffi‘lpffgg’e'd‘gm'aflffirffiqjuffl·
1906 4545 1968 4598 ”¹¹¹⁰
1986 4556 2070 4604 ΜΝ

1108 4695 1158 4754 2⁰)
1174 4689 1320 4762 Κωμικδς]
1341 4693 1389 4746 ttst
1410 4695 1487 4748 1557.
1505 4709 1606 4750 errore
1623 4699 1753 4766 sysara:
1778 4695 1901 4768 κομικδς.

64 4831 109 4894 ru
124 4835 245 4895 nrm]
262 4829 305 4884 aa
321 4833 399 4884 rea
416 4831 501 4886 misc
521 4829 731 4896 raes-ren.;
752 4830 803 4886 na.
823 4831 899 4884 rme.
917 4831 1020 4885 nurus.
1106 4779 1301 4904 ''li“ddll
1316 4779 1847 4918 {ll“'r¹.lil'ts¹li?·tsliff'tsli.⁴it
1860 4789 2073 4916 hillidii}

65 4939 110 4996 gg)
126 4939 185 4990 ΒΜ
201 4939 396 5002 „mem
419 4938 448 4990 gg
466 4949 589 5002 magn,
611 4935 640 4988 1„
658 4936 744 4990 gam,
763 4935 955 4991 gagg-1590,
972 4947 1022 4989 η.
1142 4933 1194 4987 eo,
1212 4919 1240 4970 ln
1261 4921 1354 4972 verbis
1373 4924 1466 4974 rotem
1483 4923 1545 4974 hoio
1563 4925 1647 4975 uotae
1664 4925 1815 4988 praefixis:
1843 4939 1901 4994 ego.

93 5007 245 5071 perium.
1108 5007 1159 5066 ΙΙ)
1181 5005 1353 5072 propositio]
1371 5007 1457 5061 reret
1473 5009 1565 5072 tm„
1586 5009 1662 5064 1160.
1680 5011 1827 5076 exposttlo.

67 5105 109 5166 u)
124 5107 203 5172 ru]
219 5107 264 5159 ns
280 5107 309 5158 n
327 5105 415 5162 norst.
433 5107 558 5172 (ssu),
577 5107 670 5170 issa,
691 5105 760 5156 raso
771 5131 806 5145 -
818 5107 894 5158 csse.
920 5107 1021 5170 (aare
1108 5093 1158 5152 π)
1176 5093 1310 5158 quiam]
1331 5094 1381 5145 Et·
1402 5093 1478 5150 ¹³⁴⁰·
1496 5095 1620 5161 essm

97 5180 188 5245 teth,
208 5179 303 5241 tato„
328 5177 404 5228 teor.
428 5177 564 5243 mltos
597 5177 683 5228 notu
704 5177 798 5244 tm,
817 5177 912 5243 1541,
933 5178 1022 5246 idda,
1108 5177 1158 5242 11)
1178 5180 1236 5248 ttoo
1256 5181 1452 5240 sennensem
1478 5183 1507 5231 et
1530 5195 1651 5248 sequens
1680 5182 1710 5237 ln
1733 5185 1821 5239 rust.
1840 5185 1932 5254 tm,
1959 5187 2075 5243 tm...

97 5249 168 5302 1157.
188 5251 218 5300 et
233 5249 285 5301 te.
305 5247 486 5300 01ο11.Χ111
1080 5284 1084 5290 ·
1147 5249 1222 5301 totto.
1241 5247 1430 5304 inveniuntur.

70 5349 111 5408 u)
127 5353 201 5402 nm
217 5352 310 5412 neu
329 5377 361 5390 -
381 5349 521 5402 racionis·
539 5351 599 5409 esu
617 5334 1022 5414 „instrumentarius
1107 5334 1159 5404 ²⁶)
1177 5336 1340 5397 normam]
1361 5335 1411 5387 re.
1429 5335 1505 5392 raas.
1522 5335 1679 5393 ostenae

98 5421 189 5484 tm,
217 5422 295 5473 1101.
318 5422 387 5473 trec
404 5421 505 5474 vemt:
543 5419 672 5485 Epistola
688 5419 757 5472 inec
773 5420 887 5484 genertr
904 5420 1022 5472 tuetets-
1107 5419 1158 5480 11)
1178 5421 1213 5474 de
1230 5419 1292 5481 tle,
1309 5429 1381 5486 qnae
1403 5445 1426 5456 -
1451 5422 1592 5485 urorum]
1616 5425 1661 5476 sto
1677 5423 1763 5480 retu
1777 5425 1986 5496 titt-mm
2019 5431 2073 5484 u.

96 5485 131 5538 u
147 5493 199 5544 ert.
577 5555 581 5566 ,
1146 5491 1225 5544 tm.
1244 5499 1299 5556 qne
1315 5487 1495 5542 intellexerat
1513 5491 1548 5543 te
1565 5493 1643 5542 stato
1660 5495 1748 5546 nrttr.
