4584 5796
42 215 100 294 m
144 201 251 282 xxut
294 195 685 276 mammarum
698 193 906 272 senous
919 163 1134 268 unrur.
1148 191 1263 268 rm.-
1279 193 1363 268 uc.
1388 193 1477 270 nm.
1497 195 1572 272 vn.
1594 197 1669 276 rr.
1683 203 1744 276 er.
1757 203 1819 278 es.
1835 203 1896 278 so.
1955 200 2033 282 erc

237 375 731 469 Aliudargumen'tum.
815 429 820 441 .
934 377 985 440 '.
1330 361 1727 471 Argumentuml’).

113 511 338 607 Responsoria
365 511 486 582 estad
510 510 627 604 capita
651 497 885 579 accusationis
900 479 986 575 Gal:
1138 501 1314 598 Deplorat
1333 505 1373 578 in
1393 503 1461 580 hac
1483 511 1632 603 epistola
1655 525 1787 586 statum
1812 512 2028 608 reipublicae

35 620 110 716 ti'),
134 615 312 688 osteudens
327 614 365 684 in
379 637 520 685 summa
536 611 604 685 sibi
627 613 667 680 in
688 634 730 682 ea
753 631 796 708 re
815 631 986 700 magnam
1038 617 1073 675 et
1094 605 1218 678 laudat
1240 611 1427 682 consilium
1453 613 1572 700 Curii,
1607 619 1705 712 quod
1726 618 1853 712 procul
1875 619 1922 690 ab
1941 619 2030 692 urbe

36 728 137 794 betam
156 720 331 792 iniuriam.
396 716 530 813 Estque
555 715 724 788 continua
751 711 913 784 narratio
941 711 988 780 de
1038 704 1108 780 hoc
1130 723 1293 805 tempore
1314 714 1426 801 absit,
1457 740 1504 786 ue
1528 731 1675 811 cogatur
1694 719 1816 793 videre
1841 721 1954 792 multa
1975 720 2044 792 in·-

37 827 137 895 ininsta
152 822 390 906 accusatione,
418 823 517 891 cuius
534 820 650 914 capita
666 816 792 888 ordine
816 816 987 887 conlutat.
1039 814 1168 906 digna,
1190 817 1337 910 quaein
1352 819 1426 890 dies
1443 820 1650 894 accidebant
1673 825 1844 896 convulso
1859 824 2032 918 reipubli-

35 925 208 1000 Narrationi
241 924 384 996 additur
416 923 593 994 excusatio
624 919 828 992 acerbitatis
859 919 898 988 in
932 941 989 987 re·
1040 941 1101 987 cae
1116 917 1268 1010 pristino
1283 932 1389 994 statu.
1441 921 1519 994 Hoc
1535 924 1615 996 ideo
1630 926 1717 998 facit
1729 927 1874 1012 Cicero,
1906 928 2031 1000 utGu·

35 1031 288 1122 spondendoper
302 1027 585 1106 translationem,
609 1025 706 1120 quod
723 1021 899 1106 videlicet,
924 1043 989 1091 sua
1040 1019 1136 1092 rium
1159 1023 1381 1109 consoletur,
1413 1049 1459 1096 ne
1484 1026 1629 1099 exilium
1653 1053 1760 1122 aegro
1781 1029 1904 1100 animo
1927 1032 2032 1102 ierat.

34 1132 188 1226 iniquitate
208 1145 243 1202 et
262 1130 471 1202 morositate
486 1128 617 1199 Fabius
640 1127 864 1198 occasionem
886 1143 989 1217 prae·
1039 1121 1104 1194 Est
1119 1135 1238 1196 autem
1253 1139 1425 1219 perpetua
1441 1132 1618 1224 quaedam
1634 1132 1808 1218 narratio,
1831 1132 1930 1204 cuius
1944 1129 2034 1204 haec

33 1235 131 1306 buerit.
1042 1237 1095 1296 est
1111 1252 1267 1298 summa:
1294 1227 1403 1300 Recte
1417 1231 1551 1320 iecisti,
1576 1235 1674 1330 quod
1695 1245 1729 1306 te
1753 1223 2034 1308 atio'contutiui.

1041 1327 1149 1422 Apud
1164 1355 1231 1402 nos
1248 1331 1344 1402 enim
1358 1327 1450 1402 nihil
1465 1348 1534 1421 est,
1560 1338 1659 1431 quod
1672 1337 1785 1430 possit
1799 1351 1833 1410 te
1847 1337 2035 1412 delectare.

1042 1429 1119 1522 ligo
1136 1456 1244 1517 vcro,
1270 1435 1336 1504 etsi
1351 1431 1620 1510 adhucllomae
1642 1440 1817 1526 subsisto,
1841 1452 1964 1512 tamen
1978 1465 2037 1514 me

107 1539 260 1634 Epistola
292 1542 398 1633 plena
426 1551 479 1610 est
501 1539 637 1610 acerbis
658 1535 791 1610 salibus
814 1544 850 1604 et
871 1555 992 1625 repre·
1045 1536 1139 1604 abdo
1158 1535 1196 1604 in
1211 1531 1487 1625 bibliothecam,
1512 1553 1547 1611 et
1563 1545 1689 1612 codem
1705 1545 1812 1637 plane
1830 1543 1905 1613 otio
1921 1544 2036 1630 fruor,

35 1639 243 1715 hensionibus.
313 1637 561 1736 Reprehendit
585 1653 705 1711 autem
727 1650 877 1731 propter
907 1636 992 1720 duo,
1046 1663 1117 1734 quo
1132 1650 1191 1723 tu,
1216 1650 1251 1708 et
1265 1641 1445 1732 publicam
1470 1641 1569 1714 illam
1592 1669 1715 1716 curam
1738 1647 1856 1718 studio
1879 1643 2039 1741 philoso-

35 1747 178 1836 primum,
203 1745 304 1842 quod
321 1745 452 1817 iniuste
476 1743 712 1824 accusaverit3
744 1740 873 1812 deinde
895 1737 994 1834 quod
1045 1737 1150 1838 phiae
1167 1741 1274 1814 lenio.
1853 1774 1859 1786 ·

34 1849 209 1919 indicaverit
223 1849 435 1921 Ciceronem
451 1873 524 1920 esse
549 1847 736 1930 timidum,
769 1855 811 1914 ut
834 1842 897 1940 qui
919 1843 991 1912 iam

34 1973 87 2020 non
100 1955 219 2024 audeat
233 1965 319 2047 post
335 1951 597 2024 restitutionem
613 1951 723 2020 libere
738 1947 869 2032 dicere,
896 1947 994 2041 quod

36 2055 143 2128 ,mogo
1150 2030 1407 2124 Comprobatio
1426 2049 1478 2108 est
1493 2037 1632 2110 consilii
1652 2039 1757 2110 amici
1782 2041 1826 2110 de
1849 2041 2041 2134 prosectio-

1048 2158 1093 2205 ne
1109 2133 1147 2205 in
1167 2137 1375 2223 Graeciam,
1406 2139 1527 2210 relicta
1548 2141 1656 2226 urbe,
1690 2143 1729 2212 in
1754 2168 1825 2240 qua
1847 2146 1960 2216 multa
1985 2147 2040 2214 in-

1048 2239 1155 2330 digna
1179 2243 1316 2310 fierent.
1382 2237 1493 2311 Addit
1515 2257 1635 2314 autem
1657 2243 1833 2337 integram
1857 2246 2040 2341 querelam

111 2345 264 2441 Epistola
288 2359 340 2419 est
358 2343 588 2440 responsoria
609 2344 717 2436 plena
737 2341 874 2412 acerbis
896 2339 995 2412 iocis.
1048 2342 1093 2412 de
1115 2355 1209 2413 statu
1231 2341 1465 2436 reipublicae,
1507 2359 1547 2416 ut
1570 2347 1774 2418 consoletur
1797 2361 1833 2417 et
1856 2353 2044 2420 confirmet

34 2447 271 2521 Probatautem
288 2450 549 2521 accusationem
565 2471 638 2518 esse
654 2444 935 2541 iniquissimam,
961 2453 997 2511 et
1049 2445 1219 2532 Curium,
1246 2471 1318 2542 quo
1340 2446 1427 2517 forti
1451 2447 1572 2518 animo
1596 2451 1688 2522 serat
1710 2449 1865 2522 erilium.
1923 2454 2042 2524 Porro

34 2567 225 2642 argumenta,
254 2553 387 2648 quibus
407 2577 492 2623 usus
516 2562 613 2634 erat,
648 2547 797 2620 omuino
822 2542 914 2617 nihil
935 2567 996 2615 va·
1050 2561 1189 2620 constat
1228 2547 1376 2642 epistola
1412 2563 1584 2645 perpetua
1626 2554 1782 2648 quadam
1821 2555 2043 2640 narratione,

34 2652 94 2726 lere.
120 2657 230 2728 Habet
243 2669 369 2728 autem
382 2652 470 2726 haec
485 2653 634 2746 epistola
652 2653 740 2723 duas
754 2661 885 2743 partes.
917 2647 997 2719 Pri·
1050 2675 1142 2746 quae
1159 2652 1317 2745 primum
1333 2650 1441 2724 habet
1457 2656 1789 2748 comprobationem
1805 2656 1958 2742 consilii,
1984 2659 2045 2728 de·

33 2781 105 2828 num
120 2773 165 2832 est
178 2760 358 2832 narratio.
410 2757 552 2828 Deinde
565 2755 726 2850 sequitur
742 2753 914 2844 epilogus,
935 2751 998 2845 qui
1050 2756 1134 2824 inde
1165 2757 1348 2850 querclam
1378 2757 1608 2848 perturbatae
1638 2758 1875 2851 reipublicae,
1917 2773 2042 2853 postea

31 2852 111 2930 habet
126 2863 390 2936 excusationem
414 2859 538 2952 scripti
562 2857 711 2926 omnino
730 2856 860 2928 acerbi.
910 2854 998 2924 Per·
1050 2858 1227 2928 rationem
1252 2883 1336 2930 suae
1356 2861 1470 2942 vitae,
1493 2863 1626 2931 ‘addita
1650 2861 1877 2932 excusatione
1899 2862 2044 2932 moesti-

32 2961 97 3033 tinet
109 2961 188 3038 haec
204 2966 359 3060 epistola
378 2965 424 3034 ad
440 2985 551 3055 genus
567 2959 745 3030 iudiciale.
1051 2961 1121 3030 tiae
1138 2973 1173 3030 et
1191 2961 1460 3053 desperationis.
1512 2960 1554 3032 ln
1568 2965 1638 3034 line
1656 2963 1775 3036 brevis
1801 2975 1854 3035 est
1876 2965 2042 3058 repetitio

1052 3064 1356 3156 comprobationis
1373 3063 1523 3137 consilii.

249 1401 388 1474 Aliud
414 1413 740 1495 argumentum.

1296 1895 1432 1969 Aliud
1457 1913 1787 1992 argumentum.

210 2209 352 2282 Aliud
385 2201 773 2301 argumentum⁶⁸).

117 3167 303 3241 Scholia
335 3169 380 3239 in
414 3165 663 3264 epistolam
689 3157 884 3256 XXIX.¹‘⁵).

107 3323 135 3416 §.
152 3328 185 3398 1.
219 3329 393 3408 Memini,
427 3319 573 3417 queam)
598 3321 683 3390 mibi
705 3321 857 3407 desipere
863 3345 890 3400 ,·
911 3308 997 3412 etc.]

31 3426 152 3519 Querela
177 3428 400 3521 reipublicae
421 3424 671 3516 perturbatae,
712 3421 844 3512 inqua
868 3418 1000 3512 probat

29 3529 98 3602 illius
111 3533 320 3613 consilium,
345 3529 445 3623 quod
458 3527 629 3598 maluerit
645 3526 765 3596 abesse
782 3522 820 3591 in
830 3520 998 3600 Graecia3

30 3645 123 3730 estque
137 3633 324 3730 ornata⁵⁷)
341 3626 521 3702 antithesi.

104 3735 132 3829 §.
145 3741 180 3810 3.
204 3741 299 3820 Sed,
325 3727 568 3828 melerck³⁸)]
595 3726 785 3800 Excusatio
800 3747 867 3818 per
882 3737 999 3794 trans-

27 3836 182 3914 lationem.

1294 3233 1432 3304 Aliud
1466 3247 1788 3326 argumentum.

1153 3369 1359 3461 Propositio
1394 3397 1459 3465 per
1493 3373 1776 3448 contentionem:
1819 3375 1936 3448 Antea
1969 3401 2045 3450 non

1051 3472 1223 3568 probavi,
1265 3498 1361 3543 nunc
1393 3475 1543 3546 omnino
1575 3478 1691 3567 probo
1715 3477 1905 3550 consilium
1928 3493 2045 3566 tuum,

1051 3579 1150 3672 quod
1170 3574 1294 3646 relicta
1314 3578 1432 3668 patria
1455 3577 1492 3646 in
1508 3579 1696 3650 Graeciam
1704 3581 1751 3674 ω)
1777 3581 1919 3653 abieris.
1983 3584 2045 3654 Se-

1052 3680 1175 3773 quitur
1198 3680 1360 3748 narratio
1385 3681 1514 3749 desua
1539 3678 1632 3764 vita,
1674 3705 1711 3750 se
1733 3707 1877 3776 quoque
1904 3684 2044 3756 omissis

1051 3779 1203 3872 negotiis
1217 3779 1368 3871 publicis
1384 3781 1469 3852 dare
1491 3804 1635 3874 operam
1650 3778 1913 3877 philosophiae.
1952 3785 2045 3858 Nar·

1051 3883 1186 3954 rationi
1214 3883 1399 3953 subiicitur
1430 3885 1628 3968 excusatio,
1665 3910 1732 3978 per
1759 3887 2044 3975 translationem,

28 4011 204 4032 --
1052 4011 1163 4082 quare
1187 3985 1413 4057 imbecilliori
1435 3988 1542 4057 fuerit
1564 3987 1708 4074 auimo,
1749 4014 1815 4059 nec
1847 3991 1958 4059 ullam
1982 3993 2043 4060 ad·

51 4109 90 4169 ta)
109 4111 180 4162 catti
198 4111 232 4172 (t.
248 4125 273 4164 e.
291 4108 428 4227 unitati!
445 4107 555 4168 cuttu]
573 4105 613 4225 sip
630 4097 902 4227 hitiibiiiniitiil
911 4097 998 4217 m.
1051 4089 1190 4160 miserit
1206 4090 1501 4208 consolationem,
1536 4089 1675 4208 Deinde
1692 4104 1835 4162 excusat
1843 4091 2043 4165 Caesarem.

77 4179 511 4309 {nlffijgffssnflssffflssssssfg
524 4181 619 4295 (ᾱοξῇ
633 4185 720 4293 Fam
734 4239 833 4304 netto,
852 4239 881 4287 et
898 4250 924 4300 Ρ,
938 4234 999 4286 Μ,
1050 4191 1093 4261 ln
1116 4195 1187 4262 fine
1209 4203 1359 4284 pomtur
1390 4193 1546 4266 clausula
1576 4207 1763 4264 continens
1792 4197 2043 4289 repetitionem

78 4317 107 4365 de
125 4317 265 4446 tolutim
286 4320 399 4380 δαημς
430 4324 533 4366 nomen
557 4312 633 4364 aaut
651 4315 763 4376 sangae
789 4309 848 4359 tut.
874 4317 930 4355 non
952 4303 998 4352 iu·
1052 4294 1322 4389 propositionis,

77 4397 126 4434 ren
198 4421 206 4437 .

49 4487 87 4546 ut
102 4490 158 4541 uos
175 4489 369 4556 ugo-entur
386 4485 590 4538 menturae.
609 4479 805 4534 isos-csso.
1265 4463 1407 4533 Aliud
1434 4477 1752 4555 argumentum
1767 4465 1829 4564 οι).

52 4587 93 4650 ss)
108 4591 227 4652 xm]
251 4585 539 4655 mussitasse),
565 4587 658 4648 154οη
686 4583 779 4643 ¹⁵⁴⁴u
807 4575 999 4629 ¹⁵⁵⁴·¹⁵⁰⁸·
1155 4600 1311 4694 Querela
1325 4598 1543 4691 reipublicae
1558 4600 1798 4691 perturbatae,
1820 4601 1860 4670 in
1876 4623 1947 4694 qua
1961 4625 2047 4693 pro·
2165 4649 2172 4656 -

80 4661 278 4723 (rotnasce,
298 4661 391 4722 tace,
409 4660 501 4710 teor:
529 4657 618 4718 teau
641 4655 693 4704 ur.
713 4650 801 4704 orut.
819 4645 1001 4699 nutu-
1235 4703 1270 4720 ..
1364 4704 1372 4718 ,
1406 4702 1413 4717 ‚
1789 4701 1798 4718 ,
2009 4706 2018 4720 ‚

79 4729 138 4780 stet.
155 4731 352 4794 argumentum
377 4728 409 4778 tn
425 4727 510 4779 autu.
537 4724 651 4777 taat-
666 4723 761 4785 root,
794 4717 888 4780 tm,
914 4713 1000 4780 ¹⁶⁶⁰.
1052 4707 1115 4774 bat
1145 4705 1332 4774 constlrum
1362 4704 1476 4786 rlltus,
1518 4706 1616 4797 quod
1648 4703 1816 4773 maluerat
1849 4704 1971 4775 abesse
2007 4730 2045 4773 ιιι

81 4797 152 4854 ¹⁶⁰¹·
169 4811 227 4856 '⁴⁰¹¹
246 4797 373 4849 ‘'m'‘
1053 4807 1225 4890 Graecia,
1251 4818 1287 4875 et
1303 4829 1379 4876 non
1392 4829 1466 4877 csse
1487 4818 1666 4898 spectator
1687 4806 1831 4878 illarum
1857 4805 2048 4880 aerumna·

50 4893 90 4954 “t
107 4901 196 4962 quoa]
215 4893 459 4947 scorciosam
477 4895 553 4943 textu
565 4895 594 4942 et
605 4887 787 4952 nuscum,
805 4883 893 4947 tau,
912 4877 1000 4946 rost,
1409 4899 1415 4909 ·

80 4966 162 5028 ttae,
181 4966 271 5029 tm,
289 4966 364 5016 roeo.
381 4963 411 5013 tn
434 4963 493 5014 cto.
520 4961 615 5012 verbis
638 4959 699 5008 huto
721 4958 805 5007 notae
832 4947 999 5012 adscriptis,
1052 4985 1259 5004 ,.......-..

79 5031 643 5167 liutitxii'slliiitibinidciiiiuisiu—m'
664 5025 750 5092 Μ’
771 5022 858 5088 Μ’
877 5019 953 5070 Μ’
972 5019 1000 5067 et
1085 5079 1135 5144 59)
1155 5081 1213 5130 ttoo
1229 5077 1420 5140 argumentum
1437 5076 1465 5127 et
1480 5075 1535 5127 duo
1549 5075 1694 5140 sequentis
1706 5077 1816 5129 exstant
1831 5076 1858 5126 tn
1871 5075 2038 5129 uetuisse.

1123 5146 1316 5202 uss-nes.

53 5203 477 5342 “pffltwffl‘ffla
492 5201 578 5267 Μ’
593 5199 680 5265 ¹⁵⁴⁴·’
694 5197 782 5261 ¹⁵⁵⁴*
801 5193 896 5257 Μ
914 5187 999 5241 ΕΜ
1085 5251 1135 5316 eo)
1153 5250 1314 5310 enectam]
1333 5247 1374 5298 ue
1391 5250 1467 5300 eset.
1480 5247 1566 5300 nette.
1579 5247 1667 5316 csse,
1686 5247 1773 5310 isan,
1791 5245 1886 5311 ram,
1902 5247 1953 5300 na.
1969 5249 2047 5302 esce·

55 5373 97 5435 Β)
112 5379 165 5430 Pro
189 5377 235 5430 tsts
263 5377 317 5430 (tls.
341 5375 436 5432 cerate
459 5359 488 5424 ln
505 5369 590 5424 uates
611 5336 705 5434 teth,
732 5365 809 5417 1560.
832 5363 893 5414 bute
909 5359 1001 5431 {notas
1122 5323 1210 5372 ”⁸¹⁸²
1233 5318 1362 5383 ‘mm'

84 5449 205 5508 apposite
223 5450 288 5497 sunt
304 5445 462 5513 sequentta:
486 5441 548 5506 Nep
565 5452 636 5493 sero
653 5447 739 5494 nono,
749 5435 879 5501 oetaeum
1085 5423 1136 5485 ⁶1)
1150 5425 1209 5475 ttoc
1221 5419 1414 5486 argumentum
1428 5419 1528 5470 batem
1543 5415 1626 5466 ttdttt.
1641 5409 1749 5465 1⁵65-
1760 5411 1837 5470 ltu.

32 5513 198 5598 haurn.
223 5529 329 5594 Orsa.
352 5529 437 5592 Vos.
459 5522 568 5586 xvu.
1484 5487 1529 5556 18
