4696 5802
624 18 684 63 :V

14 44 19 60 .
64 35 244 120 ,q
264 34 297 57 .-

42 259 86 332 17
146 249 269 328 XXIII.
322 245 634 326 ARGUMENTA
665 246 731 322 ΕΤ
763 243 969 322 SCHOLIA
1000 241 1050 320 IN
1084 239 1337 318 CICERONIS
1369 239 1632 318 nelsrotns
1663 241 1965 326 annullans,
2028 196 2074 322 18

37 429 81 500 Et
99 438 139 498 ut
160 427 204 500 de
225 425 345 520 prima
366 423 505 509 dicam,
545 423 633 520 quid
655 419 774 517 potuit
796 420 934 492 civilius
966 430 1029 490 aut
1080 417 1191 489 cuivis
1223 417 1260 486 in
1293 417 1443 510 proclivi
1473 429 1527 489 est
1547 419 1705 490 detracta
1725 421 1842 513 specie
1863 415 2073 509 honestatis,

39 527 216 601 honestius
233 531 281 600 ad
297 529 452 598 amicum
469 526 596 612 scribi,
633 549 740 622 quam
758 525 856 620 quod
871 521 1027 593 Lentulo
1078 518 1132 592 rei
1152 521 1412 614 turpitudinem
1433 515 1712 614 deprehendere.
1769 519 1813 594 ln
1834 525 1987 597 lectione
2007 528 2082 597 bo·-

40 634 74 702 in
90 655 192 704 causa
210 644 285 703 tam
300 631 434 702 difficili
445 629 584 714 scribit,
605 628 703 699 cuius
719 651 824 698 causa
840 651 920 697 cum
935 625 1028 695 mul·
1078 647 1210 694 uorum
1242 637 1410 694 autorum
1443 637 1497 696 est
1527 649 1691 709 cernere,
1731 626 1820 722 quid
1846 630 1997 725 quisque
2026 631 2071 700 de

40 750 109 808 tum
122 736 325 820 laboraret,
349 759 415 804 nec
431 746 554 803 tamen
569 731 704 828 aliquid
717 733 916 824 perficeret,
942 752 1028 823 que·
1080 727 1206 822 quavis
1230 749 1270 796 re
1295 726 1464 812 senserit,
1506 728 1642 822 etquid
1657 727 1975 832 iudicaverint¹l⁸)
1990 758 2072 805 eru·

41 841 125 909 citur
151 837 220 908 sibi
250 839 376 930 negari
402 837 607 906 facultatem
638 834 874 904 declarandae
901 829 1026 927 suae⁷)
1079 829 1145 900 diti
1161 855 1235 902 esse
1250 825 1439 902 honestum
1457 829 1514 900 vel
1528 825 1772 907 inhonestum.
1861 919 1868 926 Ι

40 943 74 1012 in
86 939 185 1011 illum
206 939 456 1033 gratitudinis,
488 961 565 1010 non
588 941 707 1009 deesse
724 937 968 1020 voluntatem,
992 944 1028 1003 et
1182 933 1239 1004 Ad
1252 928 1341 1003 haec
1356 934 1619 1026 cognoscenda,
1645 935 1864 1029 quianullus
1880 936 1971 1011 alius
1987 938 2072 1010 scri-

42 1060 153 1114 tamen
185 1043 378 1135 pollicetur
408 1066 552 1113 omnem
582 1063 683 1112 suam
714 1065 861 1133 operam
899 1037 1026 1107 amico.
1079 1047 1162 1126 ptor
1185 1048 1238 1107 est
1260 1035 1430 1107 Cicerone
1454 1036 1598 1120 utilior,
1633 1038 1714 1108 ideo
1740 1061 1820 1110 eum
1844 1041 2072 1132 potissimum

42 1148 129 1218 llaec
151 1168 228 1215 non
250 1145 368 1218 solum
389 1145 585 1216 maximam
607 1143 759 1238 gratiam
777 1139 912 1214 habent
931 1140 1027 1232 apud
1080 1139 1322 1209 enarrandum
1353 1139 1503 1231 suscepi.
1566 1136 1629 1208 llle
1660 1140 1756 1210 enim
1789 1143 1845 1212 vir
1876 1147 2069 1215 maximam

44 1253 223 1333 lectorem,
250 1251 313 1321 sed
329 1262 413 1319 sunt
431 1271 562 1337 magna
588 1257 798 1339 argumenta
821 1243 1027 1314 reconditae
1076 1242 1350 1334 rempublicam,
1370 1240 1658 1336 potentissimum
1676 1243 1867 1335 imperinm
1882 1248 1978 1321 solus
1994 1273 2069 1320 sus-

42 1351 265 1446 prudentiac,
292 1365 327 1422 et
342 1351 531 1444 singularis
547 1349 587 1420 iu
605 1350 793 1422 scribendo
811 1345 1027 1440 diligentiae.

44 1459 105 1528 Sed
133 1449 221 1524 haec
251 1455 413 1524 monebit
444 1453 595 1545 diligens
617 1463 828 1546 praeceptor
847 1461 912 1522 sub
935 1451 1027 1520 loco.

43 1560 113 1631 Hoc
125 1570 243 1628 autem
260 1581 468 1650 persuasum
484 1556 590 1626 debet
606 1579 680 1628 csse
706 1554 872 1626 omnibus
893 1552 1028 1624 studio-

46 1663 104 1745 sis,
137 1683 214 1729 non
243 1672 362 1730 extare
381 1659 493 1729 alium
516 1659 651 1730 librum
676 1657 715 1728 in
737 1655 867 1726 Latina
893 1656 1028 1746 lingua,

46 1765 100 1860 qui
113 1764 191 1855 plus
209 1761 360 1863 prostat)
377 1762 572 1846 iuventuti,
599 1773 676 1831 tum
694 1761 740 1832 ob
757 1757 823 1831 has
844 1759 1028 1841 utilitates,

48 1890 126 1962 quas
151 1865 333 1951 recensui,
372 1879 449 1936 tum
479 1865 525 1934 ob
555 1864 643 1935 alias
672 1887 837 1960 quoque,
878 1884 1028 1956 quaese

48 1971 134 2040 ultro
157 1969 320 2064 offerent.
378 1966 501 2063 Quare
526 1989 714 2060 nunquam
736 1990 755 2036 e
781 1964 947 2036 manibus
969 1965 1029 2034 dc-

48 2073 225 2164 ponendus
242 2069 323 2143 erit.

49 2241 141 2310 alia
173 2239 453 2338 praelatio')
489 2239 535 2308 in
570 2236 796 2331 epistolas
825 2235 1030 2306 familia-

86 2369 148 2416 res
174 2343 411 2416 Ciceronis
437 2343 487 2412 de
513 2341 693 2434 duplici
718 2341 986 2411 litterarum

182 2445 187 2452 ’
419 2445 641 2516 utilitate.

142 2596 284 2691 Duplex
301 2607 354 2667 est
365 2594 522 2681 utilitas,
549 2619 641 2690 quae
656 2619 699 2665 ex
717 2593 816 2663 omni
829 2593 1030 2664 litterarum

51 2701 252 2770 tractatione
272 2698 349 2792 peti
371 2699 472 2771 solet.
531 2697 626 2770 Nam
646 2722 860 2794 quocunque
884 2698 1031 2768 tandem

51 2804 86 2871 in
98 2827 219 2894 genere
234 2801 436 2873 studiorum
445 2801 682 2887 versabimur,
706 2801 823 2870 danda
842 2811 894 2872 est
911 2823 1033 2895 opera,

1080 1343 1206 1429 tinuit,
1231 1369 1368 1440 suoque
1384 1345 1532 1417 consilio
1551 1345 1775 1437 gubernavit.
1816 1347 1956 1422 Deinde
1980 1352 2073 1422 mul-

1080 1447 1123 1517 tis
1139 1448 1245 1521 rebus
1260 1449 1423 1540 gerendis
1440 1447 1615 1541 praefuit,
1648 1461 1683 1519 et
1705 1450 1854 1524 summis
1874 1446 2073 1526 honoribus

1080 1575 1163 1622 usus
1196 1563 1249 1622 est
1276 1551 1426 1622 florente
1449 1551 1631 1644 republica
1654 1551 1842 1640 Romana,
1875 1557 2071 1652 tranquillo

1081 1653 1232 1726 civitatis
1252 1667 1365 1739 statu,
1388 1655 1493 1725 rebus
1516 1655 1683 1726 omnibus
1706 1656 1853 1749 pacatis.
1904 1657 2074 1733 Versatur

1081 1756 1184 1826 estin
1206 1757 1423 1849 gravissimis
1445 1757 1577 1841 causis,
1603 1757 1715 1828 multa
1740 1757 1849 1844 vidit,
1876 1762 1988 1832 multa
2011 1787 2074 1835 au·

1081 1860 1188 1943 divit,
1218 1861 1329 1930 multa
1353 1860 1489 1931 didicit.
1546 1861 1735 1932 Postremo
1759 1862 1903 1933 labante
1926 1866 2072 1937 fortuna

1083 1960 1224 2055 imperii
1243 1962 1403 2033 Romani
1425 1975 1461 2034 et
1480 1963 1697 2054 reipublicae
1720 1963 1856 2038 civibus
1878 1968 1988 2042 armis
2010 1993 2074 2062 op·

1082 2065 1230 2157 pressis,
1256 2091 1338 2138 cum
1354 2090 1470 2162 neque
1485 2065 1638 2159 legibus,
1665 2092 1781 2165 neque
1802 2069 1986 2162 dignitati,
2012 2085 2075 2142 aut

1082 2169 1207 2239 litteris
1223 2169 1322 2240 locus
1336 2183 1445 2253 esset,
1469 2169 1520 2238 ibi
1535 2182 1611 2240 tum
1628 2183 1792 2264 expertus
1809 2185 1994 2244 esttecum
2009 2170 2076 2246 hu·

1082 2295 1271 2342 manarum
1287 2271 1563 2344 inconstantiam
1585 2288 1620 2344 et
1634 2275 1857 2348 varietatem.

1184 2373 1297 2446 Nobis
1310 2375 1419 2468 igitur
1433 2373 1563 2469 singuli
1577 2375 1759 2447 Ciceronis
1774 2402 1896 2450 versus
1909 2404 1977 2472 pro
1994 2404 2076 2450 ora-

1020 2529 1028 2542 .
1084 2477 1171 2548 culis
1200 2473 1356 2548 habendi
1384 2489 1484 2563 sunt,
1525 2491 1717 2572 propterea
1741 2483 1839 2575 quod
1863 2505 1930 2552 usu
1952 2482 2075 2554 omnia

1084 2579 1220 2653 didicit.
1271 2581 1480 2654 Porronon
1497 2593 1636 2653 tantum
1652 2594 1800 2675 propter
1814 2607 1936 2656 rerum
1954 2586 2078 2678 'cogni-

1085 2683 1240 2769 tionem,
1267 2687 1366 2780 quod
1382 2684 1579 2756 maximum
1595 2700 1666 2769 est,
1700 2685 1888 2778 diligenter
1910 2687 1981 2780 legi
2002 2715 2077 2760 me·

1085 2800 1203 2873 retur,
1227 2791 1289 2862 sed
1304 2787 1523 2886 quodetiam
1547 2787 1711 2879 exemplo
1733 2790 1824 2862 bene
1847 2790 1992 2862 dicendi
2012 2816 2079 2862 no-

51 2919 89 2976 ut
107 2929 351 2999 comparemus
373 2903 479 2975 nohis
502 2903 684 2974 iudicandi
705 2901 889 2974 scientiam
919 2915 955 2975 et
980 2901 1034 2973 di·
1085 2890 1140 2962 bis
1155 2916 1230 2962 esse
1247 2905 1375 2984 potesi.
1429 2891 1708 2964 Conllneienlm
1731 2887 1790 2963 hic
1810 2893 1951 2964 libellus
1973 2895 2078 2964 faml-

55 3011 148 3078 cendi
175 3009 394 3079 facultatem.
464 3005 529 3077 Est
557 3019 677 3078 autem
705 3006 883 3088 iudicare,
932 3005 1034 3091 scire,
1079 2994 1229 3066 diarium
1261 2995 1493 3087 epistOlafflm
1520 2996 1716 3088 Praecipua
1749 2995 1981 3088 epistolarum
2020 3021 2079 3089 ge·

55 3137 134 3205 quae
157 3111 194 3181 in
219 3111 326 3182 rebus
351 3110 600 3182 communibus
626 3121 710 3180 sunt
731 3101 902 3191 honesta,
942 3103 1034 3202 quae
1086 3121 1185 3167 nera·
1250 3095 1326 3166 1³¹ss
1350 3096 1518 3188 Scripturl
1539 3096 1659 3191 a¹qua
1683 3097 1728 3167 de
1750 3121 1810 3183 ΥΘ»
1847 3113 1910 3170 ἃῑῑῑ
1930 3097 2078 3190 Petitur?

55 3211 244 3286 inhonesta.
311 3212 438 3283 Dicere
470 3226 612 3296 cetea,
655 3235 747 3308 quae
770 3210 892 3280 animo
914 3209 1035 3294 sentis,
1087 3197 1223 3294 aliquid
1246 3200 1406 3300 extmplfl
1435 3199 1651 3293 requirenda
1674 3214 1776 3286 sunl,
1816 3212 1851 3270 0¹
1873 3202 1912 3273 i¹¹
1933 3201 2003 3273 illis
2027 3203 2080 3272 Vi·

55 3317 193 3388 dilucide
217 3330 255 3387 ct
276 3317 461 3410 perspicue
479 3340 668 3408 exponere.
718 3313 770 3384 lta
788 3313 954 3406 inprimis
969 3337 1035 3382 no·
1087 3303 1263 3386 (lendum,
1288 3303 1417 3398 quibus
1432 3304 1808 3396 utaturargufflfflfiss,
1834 3329 1904 3398 ‘11¹³
1928 3305 2080 3398 ἅῑὸΡθδῑ·

55 3421 101 3490 1)ῑὸ
128 3445 247 3491 rerum
270 3420 426 3510 cognitio
448 3420 690 3511 comparanda
715 3428 785 3500 est,
824 3430 859 3486 et
879 3417 1032 3486 tenenda
1088 3405 1184 3474 done
1202 3420 1516 3496 argumentorum,
1541 3419 1582 3476 nt
1597 3431 1675 3476 eam
1700 3407 1880 3477 scribendi
1900 3407 2079 3480 rationem

57 3523 250 3594 discrimen
265 3525 439 3593 virtutum
458 3535 494 3592 ec
503 3522 549 3619 ¹⁰)
573 3513 757 3591 vitiorum'.
816 3517 956 3588 Deinde
979 3543 1035 3588 re·
1087 3532 1152 3578 nos
1170 3533 1313 3603 quoque
1328 3533 1539 3606 sequamur,
1564 3509 1844 3602 suppeditabunt
1860 3511 1967 3580 eriam
1988 3511 2080 3582 mul·

58 3627 112 3696 hu,
131 3627 252 3696 animo
277 3621 561 3718 comprehensi„
586 3647 682 3717 opus
698 3619 869 3692 habemus
892 3621 1035 3691 dicendi
1089 3625 1163 3714 tum
1182 3613 1362 3682 bonorum
1379 3613 1570 3683 verborum
1584 3625 1619 3681 et
1634 3613 1889 3683 sententiarum
1908 3614 2081 3704 epistolae

59 3730 203 3813 radone,
245 3753 316 3825 qua
347 3729 474 3798 efferre
503 3727 681 3820 possimus
710 3725 840 3796 mentis
868 3723 1035 3816 cogitata.
1088 3714 1174 3786 eius.
1226 3713 1324 3786 Haec
1338 3716 1423 3787 satis
1437 3715 1482 3787 sit
1503 3716 1547 3784 de
1571 3715 1724 3790 utilitate
1744 3710 1850 3788 huius
1877 3707 1996 3814 operis
2020 3717 2082 3788 ad·

60 3829 177 3926 ltaque
192 3829 251 3902 hic
265 3833 479 3926 praecipuus
494 3855 634 3923 scopus,
660 3832 707 3899 ad
722 3853 829 3924 quem
847 3829 1035 3898 referenda
1089 3816 1280 3888 monuisse·

61 3949 132 4006 sunt
147 3935 268 4005 omnia
286 3947 410 4005 nostra
426 3934 556 4006 studia.

124 4038 223 4108 llaec
234 4038 340 4109 nobis
356 4038 487 4108 debent
501 4061 573 4108 esse
590 4036 636 4106 ob
652 4034 774 4106 oculos
785 4046 820 4104 et
836 4033 943 4104 infixa
961 4031 1037 4100 ani-

62 4139 118 4210 mis
130 4141 278 4224 nostris,
299 4141 435 4236 alioqui
451 4141 583 4232 peribit
598 4139 716 4210 omnis
731 4162 840 4231 opera
856 4137 894 4207 in
910 4134 1038 4205 litteris

65 4243 212 4334 cogitata·
278 4241 327 4313 Et
351 4243 389 4312 ili
410 4238 479 4313 hoc
500 4254 756 4337 proponuntur
777 4240 881 4314 nobis
911 4237 1039 4331 Optimi
1193 4247 1286 4320 Cum
1300 4243 1450 4330 omnino
1469 4255 1606 4314 constet
1620 4242 1780 4334 linguam
1796 4239 1966 4314 Latinam
1981 4246 2081 4316 nullo

68 4347 182 4440 quique
207 4357 372 4429 autores,
405 4357 447 4416 11²
464 4346 548 4417 inde
570 4345 814 4439 concipiamus
836 4355 931 4416 recte
961 4364 1040 4412 ⁸0¹¹·
1091 4369 1254 4445 tempore
1283 4349 1340 4418 vel
1372 4347 1568 4417 auctiorem
1599 4346 1656 4415 vel
1689 4345 1944 4438 elegantiorem
1964 4348 2084 4432 fuisse,

69 4449 163 4518 tiendi
184 4473 224 4520 ac
248 4449 389 4518 dicendi
404 4449 559 4519 sormam
583 4474 645 4520 seu
664 4449 856 4521 rationem.
916 4443 1040 4539 Neque
1094 4479 1290 4553 quamquo
1306 4451 1431 4522 Cicero
1448 4447 1553 4533 vixit,
1580 4449 1643 4543 qui
1665 4472 1753 4542 prae
1768 4449 1846 4519 aliis
1862 4449 2083 4548 omnibns¹¹)

69 4549 129 4618 ⁰¹1³
148 4565 197 4622 θδῑ
219 4551 290 4622 alla
309 4561 434 4635 131153,
466 4576 530 4622 cnr
550 4555 596 4621 ad
616 4554 818 4622 lillerarum
839 4547 956 4624 Studia
980 4546 1042 4615 ad·
1094 4559 1287 4630 maximam
1302 4551 1527 4649 eloquentiae
1543 4552 1686 4622 laudem
1701 4551 1794 4636 tulit,
1820 4546 1912 4620 nihil
1926 4565 1977 4623 est
1995 4577 2086 4648 opus

70 4675 280 4739 moveamur,
312 4679 421 4752 quam
450 4667 491 4725 ¹11
520 4680 577 4726 res
603 4656 752 4747 pr⁰plu⁵
777 4653 908 4726 intueri
930 4649 1043 4719 disca·
1094 4667 1200 4756 longa
1225 4661 1346 4754 aliqua
1368 4655 1425 4725 vel
1446 4655 1670 4746 praelatione
1695 4655 1751 4723 vel
1773 4655 2085 4726 commendatione

71 4779 153 4843 '⁰¹1⁵’
193 4772 228 4828 el
255 4769 353 4828 reem
382 4757 515 4827 indlclO
546 4782 728 4829 secernere
766 4758 835 4827 alia
873 4757 919 4826 ab
953 4751 1043 4821 allis·
1096 4769 1133 4836 in
1154 4764 1349 4838 familiares
1374 4759 1556 4831 Ciceronis
1580 4756 1766 4851 epistolas,
1807 4781 1899 4854 quae
1932 4760 1989 4829 vel
2009 4755 2087 4830 hoc

72 4855 167 4930 Multa
182 4860 277 4931 enim
294 4860 379 4930 vitia
398 4883 485 4952 prae
500 4885 536 4932 se
558 4863 677 4932 ferunt
692 4860 845 4953 speciem
863 4855 1043 4954 quandam
1097 4871 1242 4941 nomin,
1264 4887 1442 4936 summam
1463 4873 1648 4932 merentur
1669 4859 1833 4945 laudem,
1876 4863 1976 4956 quod
2005 4887 2087 4932 eum

74 4955 268 5050 honestatis,
302 4975 339 5034 et
361 4987 487 5034 verum
508 4965 636 5058 procul
658 4965 819 5034 abditum
842 4975 906 5033 est.
971 4957 1045 5030 Nec
1098 4962 1303 5029 ........'..
1407 4995 1413 5004 ·
1893 4961 1895 4966 ’

1088 3990 1190 4060 Alia
1215 3985 1507 4085 praefation)
1540 3989 1591 4058 de
1618 3961 1827 4059 utilitate
1855 3988 2083 4083 epistola·

1393 4115 1492 4162 rum
1520 4089 1773 4164 Ciceronis.

76 5099 257 5122 ——n

103 5165 221 5229 mass]
238 5166 280 5218 sto
296 5165 347 5218 nd.
365 5165 460 5233 15515
483 5165 513 5218 tn
530 5166 615 5220 ualet
635 5165 722 5231 toth,
742 5167 830 5232 tm,
850 5161 926 5216 15⁷⁷.
943 5159 1030 5210 deest.

103 5253 134 5312 t)
146 5255 243 5318 prosit]
262 5253 312 5304 td.
328 5253 405 5306 rasa.
424 5253 535 5316 prosttt.

105 5337 133 5394 11
147 5339 203 5390 nn
219 5337 357 5402 pruneto
376 5339 443 5400 ece]
468 5337 510 5388 ste
533 5338 586 5391 ra.
609 5339 704 5403 ssso.;
738 5336 825 5390 ruet.
848 5335 943 5400 rasa,
962 5331 1050 5397 sara,

38 5415 40 5471 ς
137 5409 202 5459 rm.
221 5407 286 5458 sus
303 5407 439 5469 ‚manao
458 5405 529 5459 eata.
547 5407 611 5457 uer.
631 5410 683 5457 eto.

110 5492 150 5552 to)
164 5497 202 5557 et]
223 5493 263 5545 sto
280 5491 366 5549 natu.
380 5492 475 5558 111611,
494 5494 593 5558 tm,
613 5491 706 5559 1ῠ77.;
731 5491 783 5544 Et.
797 5491 874 5543 16116.
891 5501 933 5544 ac.

85 5577 244 5647 huma.
272 5579 382 5646 orrx
404 5579 491 5648 Vos..
512 5581 623 5648 xvn.

1132 5095 1199 5152 sos)
1217 5085 1414 5145 statumine]
1434 5081 1475 5134 sto
1492 5081 1568 5132 recte
1587 5079 1640 5130 na.
1658 5075 1751 5142 sm,
1783 5074 1866 5130 nacte.
1888 5078 1980 5146 rosc,
1999 5067 2086 5142 rasa,

1169 5163 1246 5215 15⁶9.
1264 5156 1462 5210 iudicaverunt.

1135 5235 1571 5375 ¹¹bii¹⁸slii⁰iilhiiillii
1587 5231 1759 5355 lahaim
1784 5231 1870 5284 Μ’
1890 5231 1982 5298 Μ’
2003 5233 2089 5299 ¹⁵⁶⁹*

1137 5409 1184 5464 ¹2)
1203 5404 1268 5455 attis
1289 5395 1428 5455 omnihus]
1446 5393 1486 5444 sto
1501 5392 1587 5443 nuta.
1607 5387 1700 5450 labb,
1720 5385 1808 5450 laea,
1829 5383 1920 5449 ¹⁶⁷⁷·;
1943 5385 1993 5440 Ed.
2012 5384 2088 5437 1556.

1174 5473 1297 5527 omnibus
1315 5467 1389 5520 attts.

1558 5535 1583 5604 2
