4648 5794
46 161 117 236 517
169 166 292 242 XXIII.
340 169 652 280 ARGUMENTA
675 175 741 250 ET
760 173 965 252 senonia
987 172 1037 250 IN
1058 172 1210 252 nent.
1230 175 1344 254 FAM.
1367 180 1452 258 CIC.
1474 183 1565 262 LlB.
1580 188 1671 266 XIV.
1695 195 1952 282 Eun-at.
2005 213 2082 289 518

40 338 146 409 ficans
162 338 232 409 alia
252 364 325 413 esse
341 345 434 414 mala
448 344 553 438 longe
574 347 733 435 maiora,
765 362 916 443 propter
939 373 1031 444 quae
1241 350 1575 444 Argumentum
1600 364 1827 456 epistolae
1851 376 1925 452 XX.

40 438 234 512 dolendum
254 456 318 516 est.
1186 481 1419 560 Nuntiatoria
1437 506 1489 564 est
1506 495 1549 564 de
1570 521 1635 568 suo
1657 501 1835 590 adventu,
1871 513 1991 584 addita
2016 521 2077 588 ad·

213 641 216 646 ¹
572 677 574 680 Ι
1082 584 1301 672 monitione,
1337 604 1377 661 ut
1398 594 1542 666 interim
1565 597 1612 669 sit
1632 602 1782 676 sollicita
1804 609 1848 678 de
1870 608 1944 700 his,
1984 644 2075 711 quac
2108 703 2114 711 g

171 661 340 752 Argum
352 677 503 735 cutum
530 668 757 759 epistolae
784 669 890 744 XVII.
1064 687 1126 755 ad
1141 687 1274 760 victum
1294 703 1330 760 et
1347 695 1587 798 valetudinem
1601 701 1673 772 sint
1689 710 1898 786 necessaria.

134 811 328 886 Excusatio
359 829 412 889 est
437 818 624 889 brevitatis
648 820 869 907 litterarum,
902 826 1025 898 addita

1325 843 1463 918 Aliud
1496 869 1824 942 argumentum.

31 909 300 1004 adhortatione,
326 931 366 990 ut
381 944 482 991 suam
500 934 535 991 et
549 923 642 991 filiae
659 924 900 996 valetudinem
916 943 1025 1004 curet.

1178 973 1455 1050 Narratiuncula
1478 984 1523 1053 de
1552 1009 1618 1057 suo
1648 993 1805 1068 adventu
1835 997 1876 1068 in
1898 999 2072 1076 Tuscula·

274 1102 410 1174 Aliud
448 1118 780 1198 argumentum·
1077 1096 1176 1147 num.
1239 1079 1394 1151 Additur
1414 1084 1534 1157 brevis
1557 1085 1782 1182 adhortatio,
1815 1112 1855 1170 ut
1879 1103 2070 1197 diligenter

262 1236 271 1253 ‚
437 1237 446 1256 ,
893 1239 903 1257 ,
1077 1191 1193 1262 curet,
1221 1205 1293 1274 quo
1309 1184 1431 1254 omnia
1446 1185 1537 1257 bene
1553 1191 1626 1262 sint
1640 1194 1823 1270 instructa.

132 1233 335 1308 Exordntm
350 1240 562 1341 continet⁸³)
580 1243 726 1312 brevem
749 1252 1025 1328 exntsatronem,

26 1361 143 1428 quare
170 1337 327 1410 breviter
348 1341 491 1416 scribat.
552 1342 690 1414 Deinde
712 1345 893 1438 sequitur,
926 1346 1024 1440 quod
1214 1342 1544 1438 Argumentum
1579 1355 1808 1454 epistolae
1834 1365 1926 1440 XXI,

24 1439 154 1507 omnia
180 1455 367 1532 cognoscet
396 1467 438 1516 ex
458 1443 571 1539 Lepta
594 1460 629 1516 et
645 1446 830 1517 Trebatio.
887 1442 929 1515 In
953 1449 1023 1517 fine

1175 1477 1308 1552 Breves
1329 1497 1413 1552 sunt
1428 1487 1691 1565 admonitiones
1710 1496 1754 1564 de
1769 1499 1984 1590 valetudine,
2008 1533 2064 1580 re-

21 1554 75 1610 est
91 1537 429 1629 adhortatiuncula,
456 1560 496 1616 ut
511 1548 753 1618 valetudinem
770 1560 880 1620 curet.

1072 1576 1139 1746 pus
1168 1582 1460 1658 administrandis
1491 1589 1712 1680 domesticis,
1753 1602 1854 1671 etde
1879 1605 2062 1684 mittendis

1086 1681 1211 1754 itteris.

157 1762 488 1854 Argumentum
516 1715 743 1856 epistolae
770 1762 894 1837 XVIII.

1313 1821 1453 1894 Aliud
1489 1846 1818 1920 argumentum.

1172 1949 1298 2024 Brevis
1313 1969 1366 2026 cst
1382 1953 1585 2032 adhortatio
1603 1965 1648 2035 de
1664 1968 1867 2044 valetudine
1884 1983 2060 2064 curanda;

1074 2051 1156 2122 item
1173 2068 1213 2125 ut
1230 2059 1370 2148 saepius
1384 2061 1527 2135 scribat.

130 1913 222 1984 Item
236 1927 290 1986 est
304 1930 554 2010 argumentum
570 1942 649 1987 cum
669 1916 816 2010 epistola
835 1918 894 1990 14.
925 1916 1020 1990 Nam

22 2030 61 2086 et
84 2013 147 2086 hic
172 2015 360 2109 diligenter
382 2031 507 2090 monet
526 2044 675 2090 uxorem
701 2023 745 2090 de
767 2046 832 2092 suo
858 2021 1019 2093 consilio.

29 2119 139 2188 Addit
164 2133 368 2211 praeterea,
409 2136 450 2194 ut
469 2118 666 2192 Philotimo
687 2122 814 2193 liberto
839 2148 1019 2194 commen·

31 2223 135 2291 detur
159 2224 316 2294 custodia
342 2225 489 2307 domus,
527 2237 561 2294 et
589 2236 629 2294 ut
656 2225 743 2294 certi
766 2238 942 2317 curentur
966 2237 1020 2296 ta·
1204 2223 1533 2318 Argumentum
1565 2233 1793 2326 epistolae
1820 2243 1927 2320 XXII.

28 2323 179 2396 bellarii.
1171 2359 1296 2434 Brevis
1326 2377 1378 2434 est
1407 2365 1606 2438 admonitio
1638 2372 1682 2441 de
1712 2376 1904 2455 tabellariis
1925 2391 2059 2475 uxoris,

256 2567 258 2570 Ι
279 2493 414 2566 Aliud
443 2518 596 2588 argum
605 2509 767 2567 cutum·
1072 2461 1133 2554 qui
1152 2465 1313 2534 nondum
1331 2481 1516 2552 venerant,
1532 2469 1656 2542 addita
1672 2474 1943 2571 pollicitatione,
1960 2495 2056 2584 quod

1070 2564 1196 2636 litteris
1209 2567 1361 2658 acceptis
1377 2570 1497 2640 statim
1513 2573 1599 2642 velit
1610 2582 1841 2668 respondere.

129 2635 302 2707 Narratio
333 2649 406 2720 est,
445 2635 582 2730 inqua
612 2632 779 2708 hortatur
806 2659 955 2708 uxorem
983 2652 1019 2710 et

26 2737 160 2808 liberos
176 2739 222 2808 ad
237 2738 443 2830 diligentem
455 2737 769 2824 deliberationem,
793 2761 839 2809 ne
860 2765 940 2810 cum
956 2765 1018 2833 pe·
1313 2718 1450 2794 Aliud
1476 2743 1805 2817 argumentum·

26 2839 144 2908 riculo
169 2839 309 2910 Romae
333 2853 525 2926 maneant,
558 2853 593 2910 et
613 2841 721 2928 simul
745 2842 890 2932 exponit
912 2867 1015 2914 suum
1169 2847 1466 2942 Narratiuncula,
1506 2863 1604 2953 quod
1634 2865 1738 2936 auxie
1769 2870 1972 2946 tabellarios
2000 2903 2058 2949 ex.

20 2939 231 3015 consiIium.
295 2938 336 3010 ln
361 2942 502 3035 epilogo
526 2941 681 3013 breviter
704 2944 892 3030 admonet,
924 2969 1018 3039 quae
1070 2962 1196 3040 pectet.
1260 2951 1415 3026 Additur
1442 2959 1675 3052 pollicitatio,
1713 2991 1750 3038 se
1781 2971 1969 3065 diligenter
2001 3003 2057 3050 re.

18 3042 99 3110 lieri
118 3043 218 3116 velit.
1069 3051 1314 3161 scripturum.

279 3212 418 3285 Aliud
443 3226 772 3306 argumentum.
1200 3225 1530 3318 Argumentum
1558 3236 1783 3328 epistolae
1808 3239 1931 3320 XXIII.

130 3349 357 3420 Consultatio
373 3347 489 3442 priori
501 3347 645 3434 similis,
670 3362 792 3420 utrum
800 3347 940 3420 Romae
949 3348 1018 3420 Tc·
1171 3359 1401 3435 Nuntiatoria
1425 3379 1479 3438 est
1500 3370 1544 3438 de
1568 3369 1696 3446 litteris
1725 3388 1761 3447 et
1791 3381 1947 3456 adventu
1969 3387 2058 3462 Cae·

20 3451 144 3521 tentia
170 3463 206 3522 et
221 3451 341 3523 Tullia
363 3453 518 3523 debeant
537 3475 701 3535 manere,
733 3453 839 3522 auin
862 3452 1017 3549 aliquem
1069 3463 1175 3544 saris;
1208 3463 1295 3534 item
1317 3468 1360 3538 de
1383 3493 1447 3540 sua
1472 3471 1749 3565 deliberatione,
1782 3484 1903 3556 addita
1927 3487 2057 3564 adhor-

21 3553 261 3626 remotiorem
279 3567 341 3626 aut
354 3554 525 3624 tutiorem
540 3554 659 3624 locum
677 3556 852 3628 secedere.
1070 3565 1224 3650 tatione,
1251 3581 1292 3639 ut
1305 3570 1510 3643 tabellarios
1526 3575 1566 3644 in
1581 3589 1743 3671 tempore
1759 3585 1929 3661 remittat.

1313 3717 1452 3788 Aliud
1479 3740 1803 3814 argumentum.

1170 3851 1448 3925 Narratiuncula
1466 3857 1510 3926 de
1529 3855 1657 3933 litteris
1679 3845 1832 3960 acceptis¹
1854 3896 1874 3942 a
1893 3857 2057 3951 caesare.

128 3925 359 4000 Nuntiatoria
377 3943 446 4015 est,
471 3905 631 4022 primum
645 3928 689 3999 de
707 3928 910 4000 valetudine
925 3929 1019 4000 filiae
1070 3945 1224 4026 Additur
1238 3955 1447 4048 pollicitatio
1469 3984 1550 4030 cum
1573 3957 1846 4058 adhortatione,
1875 3989 1915 4046 ut
1936 3981 2057 4050 remit·

22 4051 91 4120 per
114 4029 390 4121 praecisionem.
441 4031 572 4104 Postea
596 4031 836 4124 responsoria.
886 4027 928 4100 ln
949 4034 1020 4101 fine
1071 4070 1124 4128 tat
1137 4058 1353 4130 tabellario„

22 4132 176 4202 additor
200 4131 348 4223 petitio,
377 4145 428 4206 ut
457 4145 583 4206 curent
607 4133 744 4204 litteras
764 4131 875 4204 Attici
899 4133 1020 4206 statim
1616 4231 1634 4249 „

21 4235 271 4324 perferendae,
1198 4225 1520 4317 Argumentum
1554 4235 1782 4322 epistolae
1808 4237 1931 4315 XXlV.

1172 4359 1307 4431 Ultima
1325 4362 1473 4455 epistola
1490 4359 1599 4435 babet
1618 4367 1764 4442 brevem
1785 4379 2059 4468 excusationem,

1073 4485 1183 4557 quare
1198 4459 1268 4533 hoe
1285 4476 1445 4557 tempore
1459 4461 1551 4535 nihil
1566 4469 1715 4556 scribat,
1741 4477 1861 4548 addita
1884 4479 2058 4572 pollicita-

132 4552 318 4645 Principio
347 4553 496 4645 ponitur
522 4552 641 4624 brevis
671 4553 848 4672 querela...
881 4553 1020 4626 Deinde
1071 4565 1188 4650 tione,
1215 4568 1312 4661 quod
1330 4571 1369 4635 in
1383 4567 1483 4635 brevi
1498 4569 1650 4643 scribere
1664 4575 1759 4647 velit.

1172 4849 1470 4936 Narratiuncula,
1513 4856 1612 4947 quod
1630 4853 1749 4931 adhuc
1771 4857 1862 4934 nihil
1886 4869 1973 4937 certi
1996 4866 2059 4942 ha-

1071 4951 1165 5022 beat.
1215 4950 1369 5022 Additur
1382 4954 1614 5045 pollicitatio,
1640 4985 1676 5031 se
1694 4963 1923 5057 scripturum,
1950 4995 2058 5066 quam

62 5023 271 5150 πέωοέἒξξυοῑ]
292 5021 334 5075 ⁵¹⁶
349 5019 536 5087 Elim-'³⁶2
555 5019 650 5088 ¹⁶⁷¹*
670 5019 763 5086 ¹⁶⁹⁶*
787 5017 838 5074 Μ·
858 5017 934 5072 ¹⁵⁵⁰·
953 5029 1021 5070 Μ’
1072 5051 1229 5143 primum
1246 5054 1353 5124 fuerit
1369 5056 1506 5151 aliquid
1522 5059 1619 5132 certi.

173 3775 500 3868 Argumentum
528 3773 755 3866 epistolae
781 3771 873 3846 XIX.

275 4417 415 4489 Aliud
442 4431 766 4510 argumentum.

1303 5423 1621 5496 Δὅδ’.
