4548 5788
22 120 89 260 sss
228 131 369 250 amr.
413 169 815 252 mrummrlno
842 173 1105 298 omnoms
1129 173 1476 259 nuuosraams
1501 181 1568 254 nn
1595 182 1807 262 conoul.
1942 191 2043 268 ‚ssa

21 377 78 426 ron
94 349 314 422 existimabat
326 369 388 420 eos
406 349 491 420 belli
507 348 624 421 socios
638 351 737 435 lore,
770 350 833 421 sed
855 349 893 454 ⁵³.
906 373 989 420 cau·
1041 351 1227 424 occasione
1244 353 1318 423 dux
1330 365 1472 425 creatus
1486 367 1551 442 est,
1571 358 1765 456 statimque
1780 357 1929 433 collecto
1943 387 2043 438 exer-

21 481 76 528 am
89 454 156 526 illis
170 475 397 524 communem
422 464 548 524 nactus
568 453 641 523 dux
663 453 824 545 ipsorum
850 477 990 523 creare·
1041 453 1114 526 citu
1135 453 1235 525 velut
1257 452 1469 527 Cirrhaeam
1495 457 1706 549 invasurus,
1744 459 1839 534 hanc
1870 467 2041 542 omittens

21 584 77 644 nr,
113 557 277 650 sperabat
306 579 344 627 se
367 554 472 625 facile
496 557 729 654 decepturum
754 580 829 628 esse
850 557 933 627 illos
954 568 990 626 et
1039 570 1137 627 recta
1161 555 1351 630 Elataeam
1374 561 1530 648 accedit,
1571 587 1723 660 eamque
1749 581 1921 661 occupat.
1986 569 2043 644 lbi
2092 631 2097 644 .

20 683 259 756 persuasurum.
299 656 428 728 Videte
443 659 572 750 igitur,
589 683 697 754 quam
715 659 842 729 callide
859 683 917 730 res
933 659 989 728 in·
1039 660 1110 732 nisi
1133 656 1301 731 Thebani
1329 664 1575 756 resipiscentes
1597 692 1633 738 se
1649 669 1762 741 uobis
1782 670 2041 761 adiunxissent,

20 775 128 835 ¹‚tructa
153 763 210 834 sit.
275 759 441 844 Perficit,
479 772 520 831 ut
541 758 825 854 Amphictyones
846 775 882 832 et
903 784 988 832 con·
1040 774 1116 834 tota
1130 764 1216 834 belli
1229 766 1343 838 moles
1360 792 1425 837 ceu
1439 779 1581 840 torrens
1595 771 1714 842 subito
1738 768 1832 844 hanc
1857 774 2040 849 civitatem

20 891 108 938 tessus
130 865 289 936 iudicum
314 864 489 935 tumultus
510 864 682 948 excitent,
717 863 754 933 in
778 888 852 960 quo
875 865 988 936 ratio·
1040 867 1285 960 oppressisset.
1333 867 1428 940 Eum
1444 893 1532 942 uero
1548 873 1723 967 impetum
1741 872 1971 948 itti'rhessati
1984 905 2042 952 re·

19 970 179 1039 :inabatur
200 967 373 1040 auxilium
399 991 419 1036 a
440 991 477 1037 se
495 966 671 1059 petituros
684 991 779 1048 esse;
808 981 847 1038 at
858 969 889 1040 si
907 968 987 1065 quis
1039 981 1257 1063 presserant,
1282 971 1396 1042 immo
1412 966 1499 1044 'vero
1509 973 1579 1044 Dei
1594 1000 1677 1069 erga
1693 1001 1760 1051 nos
1773 980 2041 1072 benevolentia,

19 1099 44 1144 n
54 1071 120 1142 suis
132 1073 257 1163 legatis
279 1082 343 1141 aut
357 1068 469 1141 sociis
478 1070 673 1141 tumultum
687 1069 878 1155 movisset,
909 1095 987 1142 rem
1040 1085 1076 1144 et
1097 1086 1273 1168 quantum
1296 1075 1404 1148 unius
1424 1074 1496 1146 viri
1517 1078 1665 1150 consilio
1689 1081 1780 1152 effici
1803 1082 1942 1176 potuit,
1971 1109 2040 1178 per

19 1188 188 1268 aspectam
201 1175 281 1245 lore
296 1167 479 1244 Thessalis
492 1185 528 1243 et
542 1168 749 1258 Thebanis,
776 1186 988 1268 etsumptu-
1038 1201 1097 1246 me
1111 1189 1198 1248 tunc
1211 1201 1315 1248 mora
1331 1175 1494 1252 hostibus
1508 1179 1639 1251 iniecta
1655 1196 1719 1256 est.
1751 1185 1878 1256 Recita
1894 1188 2039 1260 decreta

19 1301 138 1350 oscsse
154 1301 255 1348 arma
273 1277 506 1368 intelligebat.
558 1275 629 1348 Sed
648 1276 679 1347 si
692 1273 921 1350 Atheniensis
937 1279 988 1348 le·
1041 1292 1077 1351 ct
1101 1292 1287 1374 tempora,
1322 1296 1364 1354 ut
1383 1281 1554 1370 videatis,
1588 1294 1741 1380 quantas
1765 1312 1822 1361 res
1846 1289 1937 1361 illud
1958 1313 2040 1362 exe·

18 1393 111 1472 gatru,
144 1393 179 1450 et
195 1404 216 1451 a
233 1379 356 1465 vobis,
389 1380 454 1474 qui
476 1379 511 1449 ei
535 1377 674 1448 inimici
696 1381 822 1466 eratis,
846 1381 988 1468 missus,
1040 1385 1172 1455 crabile
1190 1397 1298 1478 caput
1322 1386 1496 1472 turbarit,
1529 1410 1598 1479 pro
1623 1413 1697 1484 quo
1720 1392 1852 1462 scelere
1873 1393 2039 1465 nondum

18 1484 78 1554 »etti
89 1507 214 1556 suasor
228 1496 340 1567 esset,
372 1505 496 1552 errore
514 1505 721 1554 assensuros
737 1509 812 1555 esse
827 1496 988 1556 caeteros
1038 1511 1175 1581 poenas
1199 1487 1319 1560 solvit.

18 1587 227 1680 stelligebat;
250 1587 342 1660 sicut
355 1584 495 1656 accidit
529 1584 711 1657 Conduxit
723 1585 833 1678 igitur
842 1583 988 1658 Aeschi-

17 1715 92 1774 rem,
117 1689 200 1786 qui,
227 1703 268 1762 ut
292 1689 383 1761 solet
406 1690 504 1782 apud
520 1713 585 1760 vos
602 1687 700 1774 fieri,
726 1688 871 1762 nemine
889 1689 988 1786 quic-
1197 1661 1456 1768 ,mmmm
1480 1661 1855 1753 Amphictyonum

17 1817 99 1887 luam
135 1793 225 1864 mali
260 1791 485 1885 suspicante,
530 1815 552 1861 a
584 1791 700 1864 tribus
738 1806 800 1864 aut
830 1806 988 1888 quatuor
1140 1794 1326 1865 Sacerdote
1351 1794 1533 1885 clinoporo
1555 1798 1595 1865 in
1617 1819 1720 1867 verm
1740 1797 1898 1869 conmssu
1919 1801 2039 1871 decre-

17 1897 136 1982 electus,
174 1909 213 1967 et
243 1897 381 1989 legatus
408 1894 637 1968 renuntiatus
662 1906 727 1967 est.
787 1896 987 1992 Postquam
1038 1904 1161 1965 uerunt
1180 1899 1309 1969 iudices
1328 1898 1631 1991 Amphictyonum,
1664 1909 1721 1983 ut,
1751 1909 1928 1996 postquem
1948 1906 2037 1974 Ans·-

17 2011 108 2070 tutem
130 2000 325 2070 autoritate
345 1998 488 2093 publica
517 2010 676 2070 annatus
700 1999 800 2069 venit
828 2001 874 2070 ad
900 1998 988 2070 Am·
1036 1999 1230 2088 plissensss
1248 2003 1397 2090 inpressi
1412 2004 1583 2091 regionem
1595 2011 1828 2073 consecratam
1842 2005 1893 2074 iti
1915 2011 2037 2076 serunt

16 2098 219 2196 chiemense,
253 2101 395 2174 omissis
416 2099 587 2174 omnibus
606 2099 685 2174 aliis
703 2103 811 2174 rebus
835 2127 921 2174 mox
945 2127 986 2174 ea
1037 2110 1072 2172 et
1085 2111 1248 2190 pascunt,
1273 2107 1435 2174 accedunt
1455 2127 1493 2174 eo
1513 2105 1662 2188 indices,
1692 2113 1726 2176 et
1739 2105 2038 2195 Amplissensilus

16 2207 111 2276 noliri
126 2207 266 2300 coepit,
292 2205 448 2301 adquae
462 2205 659 2276 conductus
675 2217 764 2276 erat.
1038 2207 1270 2276 iuramentum
1289 2208 1328 2276 in
1349 2207 1505 2276 columns
1524 2209 1689 2296 scriptam
1710 2211 1874 2292 recitent,
1908 2218 1943 2280 et
1962 2211 2038 2279 eius

88 2307 210 2403 Fingit
225 2307 423 2403 speciosam
440 2307 601 2382 tabulam
624 2309 669 2378 de
693 2307 841 2400 regione
864 2332 988 2380 conse-
1039 2309 1190 2397 regionis
1207 2331 1306 2380 usum
1318 2311 1369 2379 eis
1384 2309 1596 2397 prohibeant.

16 2423 106 2495 rata,
130 2425 166 2482 et
185 2405 375 2498 homines,
401 2411 465 2508 qui
486 2411 589 2482 lacile
618 2410 848 2506 decipiuntur
869 2412 987 2504 specie
1400 2478 1408 2497 ,

15 2513 185 2605 religionis,
222 2527 258 2586 et
280 2538 356 2584 non
372 2513 600 2608 prospiciunt
616 2514 757 2599 futura,
782 2517 988 2608 persuadet,
1329 2475 1469 2550 Ama
1492 2479 1738 2558 ”mmm

15 2627 37 2685 tt
47 2619 222 2690 decretum
238 2619 392 2705 iaciant,
417 2630 459 2689 ut
483 2617 592 2688 armis
610 2618 700 2687 novi
723 2618 843 2688 coloni
867 2641 910 2689 ex
930 2643 988 2688 re·
1142 2616 1326 2686 Sacerdote
1347 2614 1529 2703 Glinoporo
1556 2617 1596 2684 in
1625 2637 1729 2686 cerno
1750 2639 1907 2708 consessu
1928 2624 2040 2697 uisum

15 2718 92 2808 ione
105 2723 300 2814 pellantur,
317 2745 428 2817 quam
441 2714 870 2818 quidemAmphissenses
884 2745 988 2793 suam
1038 2717 1339 2802 comessoribus
1358 2727 1394 2788 et
1413 2717 1581 2808 iudicibus
1603 2719 1924 2811 Amphictyonum,
1941 2739 2038 2818 post·

14 2845 65 2894 asc
78 2827 323 2910 affirmabant,
348 2825 424 2918 ipse
439 2848 528 2896 vero
544 2824 788 2895 contendebat
801 2847 987 2895 consecra·
1039 2845 1141 2915 puum
1155 2823 1415 2912 Amplissenses
1431 2845 1567 2892 sacrem
1587 2825 1759 2912 cepionem
1780 2827 1911 2911 colunt,
1944 2840 1979 2901 et
1998 2835 2038 2902 in

14 2947 65 2995 am
79 2952 162 3001 esse.
217 2929 292 3002 Nec
304 2925 414 2998 Locri
429 2938 535 3014 tunc,
561 2939 603 3000 ut
617 2925 693 3020 ipse
708 2927 818 3015 dixit,
844 2951 988 2998 aecusa-
1038 2947 1079 2994 eo
1093 2934 1258 3015 pascunt,
1284 2927 1370 3020 quod
1383 2947 1428 2994 ne
1438 2922 1596 3014 frenent
1607 2948 1682 2996 eum
1695 2928 1948 3014 prodiderimus,
1974 2955 2038 3004 or-

14 3027 122 3101 ionem
145 3044 274 3103 contra
297 3055 362 3102 vos
387 3031 639 3115 instituerant,
668 3054 736 3102 nec
760 3055 802 3100 ea
820 3030 987 3126 agebant,
1039 3031 1125 3100 meet
1139 3051 1200 3098 nos
1215 3031 1434 3109 inusserunt,
1459 3027 1646 3122 multosque
1656 3029 1901 3116 optumrum,
1926 3036 2038 3105 eldu-

14 3155 80 3224 prae
95 3135 158 3206 iste
173 3159 274 3206 nunc
289 3146 437 3219 narrat,
462 3147 504 3206 ut
523 3143 709 3228 praetexat
731 3134 889 3230 aliquid,
924 3156 990 3206 cur
1039 3155 1110 3204 cem
1124 3131 1323 3221 Gottyplum
1338 3132 1548 3201 Arcadicum
1561 3155 1584 3202 a
1608 3133 1705 3202 nolis
1722 3133 1862 3204 electum
1883 3139 2041 3207 misimus

14 3237 155 3312 adversus
176 3233 452 3333 Amphissenses
481 3236 620 3332 alioqui
646 3238 873 3310 calamitosos
895 3235 987 3310 iuste
1038 3235 1184 3326 bustum
1205 3236 1251 3306 od
1270 3234 1487 3324 Philippum,
1520 3243 1560 3304 ut
1578 3238 1692 3305 sceris
1709 3236 1882 3323 Apollinis
1902 3247 1937 3310 es
1949 3243 2040 3312 Am-

14 3343 214 3415 ncandnisse
242 3343 421 3414 videatur.
484 3342 538 3413 Ac
567 3341 652 3410 inde
676 3341 879 3434 cognoscite
902 3363 986 3412 eum
1035 3337 1273 3429 plictyonidus
1289 3338 1546 3421 auxiliaretur,
1573 3339 1801 3427 neolimpiis
1814 3341 2040 3432 Amplissm·

14 3441 77 3514 'alsa
92 3447 229 3519 dicere.¹
258 3445 344 3520 Non
355 3445 486 3516 licebat
501 3443 766 3516 acunationem
782 3458 907 3517 eontra
921 3468 988 3516 vos
1039 3443 1133 3512 silus
1147 3441 1267 3531 rettpto
1279 3441 1484 3524 moretur,
1510 3449 1610 3536 utque
1621 3463 1697 3512 eum
1710 3443 1910 3516 dictotorem
1924 3447 2041 3517 creari

14 3547 145 3636 nstitui,
180 3549 256 3622 nisi
284 3549 385 3642 prius
415 3547 536 3618 iuius
561 3548 682 3618 vocati
703 3547 836 3621 essetis.
897 3545 988 3642 Quis
1039 3569 1062 3614 u
1078 3547 1240 3625 (irmcis,
1264 3545 1396 3638 quitus
1409 3543 1557 3616 meunt
1570 3546 1706 3615 consilii
1717 3547 2014 3638 Amphictyonum.

14 3647 96 3738 gitur
117 3652 299 3724 citationis
318 3663 382 3724 aut
401 3649 551 3722 nuntius
574 3662 638 3721 aut
658 3651 756 3722 testis
779 3649 872 3722 fuit?
930 3649 989 3721 Ad
1142 3678 1219 3768 Age
1241 3674 1351 3745 mit,
1380 3685 1416 3744 ep
1443 3686 1629 3769 tempor„
1669 3679 1799 3770 quibus
1824 3674 1914 3750 haec
1942 3681 2038 3754 saep,

14 3775 96 3844 luem
112 3755 365 3876 ωθῖῑὸξῑθῑωῑξ
384 3753 507 3824 άῑῧῑῑθ
529 3752 715 3845 1³²⁰ll⁰⁸ita
736 3751 814 3824 ⁰⁵3
864 3752 990 3826 N‘imi·
1039 3793 1135 3854 sunt.
1185 3778 1351 3849 Fuerunt
1377 3776 1474 3846 enim
1500 3799 1561 3866 ea,
1588 3777 1718 3876 quibus
1739 3779 2039 3878 istePylagoram

14 3875 91 3942 tem,
115 3860 179 3955 qui
193 3871 303 3944 meat,
329 3859 448 3928 dicere
463 3866 601 3951 potest,
633 3856 696 3928 sed
711 3850 987 3976 hanelabellam
1040 3885 1123 3978 ,gig
1174 3881 1300 3954 Recita
1318 3893 1496 3975 tempora,

14 3971 127 4032 autum
147 3973 354 4057 praetextos
377 3983 484 4032 eausa
509 3958 624 4029 linxit.
682 3957 774 4030 Cum
796 3956 907 4050 igitur
929 3958 990 4030 istr
1143 4011 1290 4081 Praetor
1302 4006 1532 4081 mmmm
1549 4005 1597 4078 16
1626 4009 1683 4080 die
1695 4007 1896 4080 Novembris

14 4058 220 4138 ircumirent
245 4064 434 4157 regionem
464 4057 573 4134 huius
603 4056 858 4132 adhortatione
885 4061 989 4149 moti,
1600 4057 1609 4078 ⁰
1898 4058 1907 4077 '

14 4157 96 4236 mcci
112 4169 252 4264 impetu
267 4168 307 4238 in
319 4161 605 4261 Amphictyonas
621 4166 716 4236 lacto
731 4189 847 4260 paene
864 4189 989 4237 omnes

14 4268 245 4358 mluerarunt,
281 4270 460 4367 quosdam
493 4267 603 4338 etiam
636 4268 798 4363 captivos
833 4269 990 4341 abduxe-

14 4385 86 4444 unt.
140 4375 222 4446 lloc
237 4399 319 4446 cum
334 4373 459 4446 luisset
476 4369 622 4442 initium
638 4372 930 4458 accusationum,
955 4385 991 4444 et

14 4473 74 4542 etti
104 4491 230 4549 contra
259 4471 566 4572 Amphictyonas,
606 4475 766 4568 primum
788 4469 990 4572 Cottyphus

1143 4127 1270 4201 Recita
1290 4142 1327 4199 et
1346 4128 1556 4224 epistolam,
1582 4153 1710 4224 quam,
1737 4139 1931 4224 postquam
1942 4120 2040 4198 The-

1040 4231 1129 4303 bani
1142 4255 1219 4304 non
1235 4244 1450 4327 receperunt
1463 4256 1565 4317 eum,
1598 4232 1698 4302 misit
1718 4233 1764 4302 ad
1781 4230 1897 4303 socios
1913 4229 1957 4299 in
1971 4229 2041 4302 Pe-

1039 4336 1303 4430 loponnesum,
1340 4348 1382 4406 ut
1412 4335 1497 4406 inde
1528 4336 1624 4406 clare
1648 4333 1875 4427 intelligatis,
1913 4356 2040 4404 veram

1042 4464 1202 4528 causam,
1229 4438 1328 4536 quod
1342 4438 1508 4509 videlicet
1524 4441 1756 4533 occupandae
1768 4435 1941 4510 Graeciae
1956 4459 2042 4508 con·

14 4571 64 4646 [ux
90 4594 228 4654 creatus
257 4593 311 4654 a,
370 4579 435 4675 qui
463 4601 686 4674 quamquam
710 4579 863 4650 vocabat
886 4579 977 4650 apios
1041 4543 1122 4616 silio
1139 4541 1467 4630 bellumeoverit,
1493 4543 1729 4624 dissimulari;
1762 4540 1904 4614 ostendi
1918 4553 2040 4613 autem

319 4633 330 4667 ’
980 4633 990 4664 ’
1041 4647 1249 4741 inspeciem
1264 4646 1335 4718 alia
1354 4645 1512 4738 negotia.
1570 4646 1645 4718 llas
1668 4643 1873 4719 occasiones
1895 4657 1931 4718 et
1943 4639 2042 4719 hunc

14 4697 110 4752 amen
133 4683 241 4780 pauci
268 4682 482 4767 veniebant,
524 4692 561 4752 et
583 4681 647 4777 qui
669 4693 863 4768 venerant,
897 4677 991 4754 nihil
1310 4749 1319 4767 ,
1476 4750 1485 4766 ,
1589 4751 1599 4769 ,
1757 4749 1767 4766 ,
1871 4753 1879 4764 ,

1041 4763 1266 4845 praetextum
1281 4745 1342 4821 luc
1355 4746 1550 4823 Aeschines
1567 4775 1601 4822 et
1616 4751 1796 4846 praebutt.

14 4784 155 4872 tgcbant.
212 4785 339 4884 ltaque
354 4781 520 4881 sequenti
536 4807 702 4858 consessu
718 4786 866 4883 quidam
880 4785 989 4857 scele-

14 4885 82 4972 rati,
105 4902 140 4962 ct
161 4889 234 4962 iam
259 4891 346 4963 olim
367 4884 728 4974 sceleratiThessali,
762 4889 925 4961 etmulti
950 4889 991 4960 in
1169 4977 1202 4995 ,-
1317 4921 1527 5011 Epmopa
1552 4921 1769 5013 pppppppp·
1866 4891 1869 4898 ’
1924 4877 1929 4885 ’

14 4985 76 5062 tliis
103 4995 252 5068 urbibus
291 4993 471 5090 speciosos
505 5003 709 5087 praetextus
744 4994 990 5066 ostenderunt.
1494 5065 1503 5082 ‚
1596 5064 1606 5084 ,
1740 5067 1749 5084 ‚

14 5084 172 5166 Dicebant
194 5098 293 5169 enim
320 5110 383 5170 aut
405 5097 563 5168 Graecos
589 5095 687 5188 ipsos
712 5110 880 5190 oportere
905 5120 991 5168 con·
1064 5063 1144 5134 Μ’
1158 5063 1387 5136 mmmmm
1400 5061 1666 5153 Mafflm'bu'
1679 5085 1845 5136 'mmm
1858 5063 2014 5142 'duim‘

14 5189 90 5266 lerre
113 5202 302 5292 pecuniam
329 5203 376 5271 ad
401 5201 550 5271 alendos
579 5200 823 5274 conducticias
846 5201 990 5288 milites,
1144 5201 1329 5293 Postquam
1351 5201 1457 5270 Locri
1482 5201 1519 5268 in
1538 5201 1724 5289 Amphissa
1742 5201 1935 5274 habitantes
1953 5215 2040 5276 tens-

14 5305 40 5362 tt
64 5303 186 5390 punire
217 5328 293 5375 non
322 5304 564 5387 conserentes,
599 5316 663 5374 aut
687 5303 891 5396 eligendum
915 5326 990 5376 esse
1038 5303 1132 5392 plum
1146 5303 1337 5386 violarunt,
1367 5312 1402 5373 el
1416 5323 1551 5373 sacram
1566 5303 1736 5393 cepionem
1749 5307 1876 5374 amati
1887 5309 2041 5398 populati

14 5392 214 5496 Philippum.
267 5407 364 5503 Quid
381 5431 471 5500 opus
485 5419 539 5478 cst
550 5405 659 5501 longa
674 5408 897 5494 narratione,
921 5402 990 5478 hac
1014 5473 1018 5484 ,
1042 5411 1141 5490 sunt,
1174 5406 1296 5508 templo
1318 5405 1484 5479 uobiscum
1508 5426 1602 5492 opens
1620 5402 1718 5496 serre
1735 5408 1897 5494 decreci,
1926 5421 1961 5486 ct
1980 5415 2041 5486 ds-

53 5515 228 5592 llltanrn.
248 5526 357 5594 Orsa.
378 5525 465 5591 Vou.
486 5523 594 5590 xvtt.
1479 5503 1529 5578 53
