4548 5788
11 163 74 236 ιτ
206 161 394 236 xxxvto.
431 161 671 254 manera·
685 151 950 260 mantonis
976 165 1224 250 maeonis
1248 169 1449 249 oonrus
1473 169 1861 250 crasnnouruu.
1983 175 2062 286 ott
2167 281 2175 293 „

107 333 259 430 Quaeso
292 361 357 408 vos
373 359 448 430 per
475 361 600 408 omnes
624 336 740 422 Deos,
774 361 820 410 ne
841 340 886 408 de
908 339 1012 414 vobis
1064 341 1104 412 in
1119 343 1220 417 Pella
1233 355 1271 414 et
1286 356 1385 416 extra
1411 344 1673 426 observantem.
1723 345 1772 420 Et
1794 343 1904 435 beer,
1930 349 2062 444 inquit,

9 437 89 510 sis
105 435 334 530 trophaeum·
349 440 390 510 in
407 435 551 513 theatro
573 439 758 524 statuatis,
785 465 903 538 neque
925 443 1013 517 stul·
1064 468 1103 517 se
1130 469 1206 518 non
1227 448 1441 528 ‚coniectura
1466 446 1587 541 aliqua
1611 447 1836 538 existimare,
1865 455 1937 526 sed
1960 465 2060 526 certo

1 541 108 610 'tiae
145 554 273 612 notam
301 543 439 634 populo
465 529 679 616 Atheniensi
709 567 833 617 coram
865 545 1012 618 Graecis
1063 547 1173 633 scire,
1199 548 1284 642 quia
1309 551 1424 622 virtus
1446 550 1796 641 sanguineetnatur.
1845 555 1959 651 Atqui
1978 556 2061 648 ipse

13 645 186 727 utatis,
217 668 335 740 neque
351 641 681 718 miserisThebanis
695 646 865 738 redigatis
879 647 918 718 in
937 673 1011 718 me·
1063 673 1138 720 non
1154 645 1311 724 habebat
1337 653 1547 744 sangninem
1570 654 1734 741 virilem,
1760 657 2062 754 ensnmsbatqu

0 748 170 816 noriam
185 771 267 824 saras
291 749 511 823 calamitates
535 749 835 833 immedicabiles,
860 772 951 845 quos
971 752 1011 821 in
1061 752 1307 827 Alexandrum
1324 779 1366 824 ex
1382 779 1446 829 sua
1468 756 1681 842 timiditate,
1706 783 1783 830 non
1805 759 2063 834 exAlerandri

2 875 85 942 uga
105 846 269 942 hospitio
284 851 468 944 excepistis
484 852 522 922 in
545 847 613 922 hac
634 853 742 938 urbe,
777 877 933 946 quorum
955 877 1011 924 sa-
1063 855 1222 948 ingenio.
2058 908 2062 925 .

11 977 88 1036 ra,
115 954 273 1037 liberos,
307 950 517 1046 sepulchra,
549 951 804 1027 Demosthenis
827 968 1011 1048 corrupte·
1166 957 1258 1032 Cum
1287 969 1408 1029 autem
1433 953 1598 1030 Thessali
1627 961 1760 1034 belum
1792 964 1894 1036 vobis
1923 963 2058 1036 inferre

7 1081 60 1124 ae
78 1068 118 1126 et
133 1056 274 1148 regium
301 1081 432 1130 aurum
453 1070 686 1132 everterunt,
725 1058 923 1155 Postquam
947 1083 1011 1130 au·
1062 1060 1320 1146 decrevissent,
1348 1074 1383 1131 et
1399 1063 1603 1134 adolescens
1617 1089 1693 1134 non
1715 1065 1850 1138 iniuria
1873 1067 1978 1138 vohis
1998 1091 2060 1140 re·

18 1185 75 1228 ·m
106 1159 323 1252 corporibus
342 1183 419 1232 non
443 1161 625 1245 adluistis,
657 1161 875 1251 cogitatione
897 1160 1011 1233 animi
1061 1158 1248 1242 hementer
1262 1176 1507 1248 succenseret,
1533 1190 1686 1259 cumque
1707 1169 1755 1238 ad
1771 1165 1915 1242 Thebas
1939 1181 2064 1244 essetne¹
2102 1239 2105 1247 r

0 1262 190 1336 escidium
219 1258 429 1339 Thebarum
462 1264 779 1357 contemplamini,
810 1277 857 1344 ¹et
886 1277 1010 1358 putate
1061 1264 1220 1350 lecisset,
1245 1266 1374 1338 missm
1388 1279 1443 1338 est
1458 1268 1515 1344 ad,
1528 1292 1608 1340 eum
1632 1269 1773 1361 legatus
1784 1269 2059 1360 Demosthenes,

10 1391 70 1436 'os
96 1389 247 1448 cernere
270 1379 410 1460 captam
433 1368 579 1452 urbem,
616 1366 735 1440 diruta
754 1366 922 1453 moenie,
956 1367 1010 1437 in-
1062 1368 1125 1463 qui
1144 1369 1396 1442 indeemedio
1419 1371 1548 1444 itinere
1571 1396 1613 1442 ex
1631 1367 1847 1446 Cithaerone
1870 1371 1943 1448 hnc
1962 1377 2059 1450 aas

18 1493 135 1548 ensas
151 1470 276 1555 aedes,
302 1471 382 1561 rapi
397 1471 566 1542 mulieres
582 1489 622 1541 e'c
641 1494 775 1563 pueros
796 1471 836 1540 in
858 1471 1010 1543 servitu·
1062 1471 1125 1561 git
1175 1473 1277 1545 Adeo
1294 1474 1415 1553 necin
1431 1498 1540 1565 pace,
1563 1476 1682 1546 necin
1697 1475 1792 1547 bello
1808 1479 1967 1573 aliquam
1988 1477 2060 1553 nti-

13 1598 102 1657 ern,
130 1596 234 1646 senes
248 1584 284 1642 st
298 1594 388 1646 anns
401 1598 482 1646 sero
497 1574 679 1644 dediscere
693 1573 915 1658 libertatem,
932 1574 1010 1666 plo·
1060 1573 1200 1654 litatem
1217 1575 1353 1646 civitati
1366 1577 1498 1649 attulit.
1530 1574 1577 1646 Et
1592 1581 1691 1671 quod
1706 1591 1760 1650 est
1774 1581 2060 1667 acerbissimum,
2117 1592 2121 1600 '

22 1699 116 1766 are,
145 1676 348 1770 supplicare
363 1677 483 1762 vobis,
512 1676 618 1748 irasci
640 1699 716 1748 non
739 1672 922 1762 hostibus,
947 1678 1010 1756 sed
1063 1701 1127 1748 vos
1150 1701 1227 1747 non
1248 1678 1457 1770 prodidistis
1478 1703 1559 1751 eum
1576 1680 1741 1764 Graecis,
1757 1706 1835 1754 ,nec
1855 1683 1953 1777 passi
1973 1684 2061 1758 ntis

6 1778 279 1863 roditoribus,
304 1778 368 1874 qui
385 1804 468 1850 vere
481 1793 565 1852 sunt
579 1792 701 1851 tantae
717 1777 930 1856 calamitatis
946 1801 1011 1850 au·
1062 1803 1144 1850 eum
1172 1781 1213 1850 in
1242 1782 1427 1853 communi
1455 1781 1607 1855 concilio
1630 1781 1854 1859 Graecorum
1884 1786 2061 1864 accusari.

19 1907 129 1967 ores,
150 1896 354 1974 ¹etrogare,
381 1907 427 1954 ne
449 1907 677 1956 communem
694 1883 867 1956 Graeciae
889 1882 1010 1976 perni—
1061 1879 1130 1956 lste
1160 1895 1280 1957 autem
1308 1908 1373 1955 vos
1393 1908 1490 1956 nunc
1516 1885 1622 1978 plane
1646 1887 1825 1978 prodidit,
1855 1890 1888 1964 si
1909 1893 2062 1985 quidem

23 1987 101 2056 'em
118 1987 312 2072 coronatis,
325 1987 389 2058 sed
404 1999 446 2059 ut
462 1986 616 2058 caveatis
632 1986 777 2078 genium
786 1987 875 2070 eius,
890 2000 926 2058 et
934 1987 1010 2056 wior·
1062 2009 1147 2058 vera
1161 1999 1265 2072 sunt,
1286 2009 1379 2082 quae
1393 1986 1574 2059 dicuntur.
1625 1987 1683 2062 Sic
1700 1989 1797 2062 enim
1812 1993 1934 2064 ierunt
1948 1993 2062 2066 scarb

16 2113 152 2176 unam,
165 2113 258 2184 quae
272 2102 448 2184 perpetuo
461 2115 543 2162 eum
565 2089 770 2162 comitatem.
795 2089 903 2162 Nulla
912 2089 1009 2160 enim
1061 2089 1142 2159 timi
1159 2100 1195 2160 et
1208 2088 1336 2181 legati,
1370 2090 1433 2186 qui
1452 2092 1549 2184 apud
1563 2089 1808 2165 Alexandrum
1830 2095 1995 2182 merum,
2022 2107 2061 2168 et

27 2193 149 2277 ‘vitas‚
175 2217 283 2286 nemo
298 2193 460 2287 privatus
474 2213 656 2288 unquam,
681 2217 763 2284 cum
776 2189 885 2266 huius
896 2193 1010 2266 consi-
1061 2216 1118 2265 res
1134 2206 1278 2266 nonest
1302 2191 1474 2264 absimilis
1498 2217 1597 2265 vero.
1646 2193 1712 2268 Est
1734 2196 1880 2290 quidem
1894 2197 2063 2271 Aristion

0 2310 2 2359 l
18 2297 59 2368 ‘o
75 2321 162 2368 usus
177 2309 250 2380 est,
276 2319 352 2367 non
366 2297 499 2389 insigni
516 2296 718 2368 calamitate
736 2297 885 2368 affectus
899 2309 963 2370 est.
974 2347 1013 2392 d·
1060 2295 1260 2381 Plataicus,
1277 2295 1342 2390 qni
1357 2321 1437 2368 eum
1453 2309 1544 2368 esset
1557 2296 1764 2370 adolescens
1778 2299 1911 2392 insigni
1926 2302 2064 2387 forma,
2095 2355 2100 2362 -

118 2399 210 2472 Cum
239 2411 361 2482 autern
388 2400 475 2470 olim
507 2401 552 2470 de
583 2400 904 2491 gubernatoribus,
946 2399 1010 2495 qui
1061 2398 1125 2470 diu
1142 2400 1239 2492 apud
1252 2395 1534 2472 Demosthenem
1549 2414 1794 2474 commoratus
1814 2414 1883 2484 est;
1914 2398 1993 2489 hic,
2016 2415 2061 2476 ne

7 2504 163 2575 classem
182 2504 229 2574 ad
242 2502 462 2574 Salaminem
478 2503 760 2590 transferebant,
784 2505 899 2596 legem
920 2505 1010 2574 tule·
1062 2501 1194 2587 audio,
1229 2527 1310 2574 cum
1326 2525 1435 2574 nemo
1451 2527 1532 2576 euru
1550 2515 1692 2589 nosset,
1723 2517 1789 2576 ant
1809 2505 1935 2591 sciret,
1966 2531 2063 2603 qno-

6 2606 167 2704 ritis¹⁸):
186 2605 379 2701 Siquisvel
396 2606 433 2676 in
448 2606 549 2678 littus
563 2605 688 2679 navim
702 2607 948 2693 subvertisset,
962 2629 1009 2680 ne
1061 2605 1173 2677 modo
1189 2601 1341 2677 antehac
1356 2606 1504 2691 vixerit,
1529 2606 1728 2680 insinuavit
1748 2633 1787 2682 se
1810 2633 1876 2700 per
1899 2620 2059 2680 assema-

5 2711 137 2782 liceret
150 2710 183 2782 ei
200 2711 330 2780 iterum
345 2733 456 2781 naves
471 2709 694 2802 gubernare,
725 2733 771 2780 ne
795 2709 875 2805 quis
896 2710 1010 2804 impe·
1061 2709 1216 2780 tionem:
1242 2733 1309 2802 per
1323 2705 1419 2782 hunc
1434 2709 1551 2784 missis
1572 2707 1702 2782 litteris
1726 2709 1834 2785 rediit
1850 2710 1900 2808 ¹⁴)
1916 2711 1956 2782 in
1975 2735 2061 2806 gre·

8 2815 107 2886 ritus
119 2839 199 2886 curn
223 2814 384 2906 peritatlo
409 2813 541 2884 civium
562 2835 673 2884 naves
695 2833 818 2905 regere
843 2813 1010 2894 auderem
1061 2812 1150 2882 tiam
1180 2837 1262 2884 cum
1283 2813 1490 2887 Alexandro
1511 2808 1794 2901 Demosthenes,
1826 2825 1864 2886 et
1888 2816 1980 2888 mire
2005 2827 2066 2889 est

9 2940 113 2988 nunc
134 2941 236 3000 eum,
270 2916 334 3011 qui
357 2928 471 2986 totam
496 2915 686 2994 Graeciam
709 2928 746 2989 et
764 2911 860 2988 hanc
882 2916 1009 2988 urbem
1063 2915 1096 2986 ei
1115 2915 1294 2988 adulatus.
1918 2970 1922 2982 .
1983 2977 1986 2985 r

9 3019 176 3093 funditus
205 3019 353 3102 evertit,
384 3019 515 3091 iterum
547 3020 594 3090 ad
617 3019 835 3112 reipublicae
857 3019 1011 3092 admini-
1072 3081 1077 3088 .
1163 3017 1291 3088 Videte
1304 3029 1446 3101 autem,
1471 3041 1579 3114 mam
1596 3019 1797 3096 consentiat
1810 3015 1871 3092 res
1887 3043 1968 3092 cum
2079 3023 2080 3028 ’

13 3123 228 3198 strationem
244 3121 459 3194 admittitis?
781 3193 786 3202 ,
994 3139 997 3146 ·
1062 3120 1172 3192 ieme.
1213 3120 1252 3192 Si
1268 3119 1365 3204 enim
1377 3117 1577 3200 Alexandri
1590 3122 1759 3196 inimicus
1775 3136 1885 3208 esset,
1899 3136 1940 3196 nt
1953 3144 2067 3218 praes·

119 3226 306 3320 Utileque
327 3227 372 3296 de
395 3235 526 3321 quarto
552 3236 715 3317 tempore
736 3225 835 3296 etde
857 3222 1010 3317 negotiis
1062 3222 1183 3310 dicat,
1203 3225 1273 3294 tria
1289 3236 1453 3316 tempora
1475 3227 1759 3318 praeterierunt,
1783 3227 1824 3299 in
1844 3227 1975 3323 quilms
1998 3228 2060 3298 de·

13 3330 263 3427 praesentibus
293 3329 431 3414 dicam,
445 3387 449 3393 .
462 3327 513 3400 sic
540 3328 699 3420 primum
730 3353 795 3400 vos
815 3329 1014 3400 admonere
1063 3326 1201 3398 derare
1214 3328 1375 3398 animum
1389 3351 1495 3400 suum
1512 3329 1697 3423 potuisset.
1743 3328 1798 3401 'At
1811 3325 1943 3403 horum
1957 3329 2069 3403 nullo·

15 3434 125 3518 volo,
147 3434 246 3529 quod
260 3427 522 3507 Demosthenes
535 3454 613 3503 non
635 3432 858 3506 moduleris
885 3431 1011 3517 aciem,
1062 3453 1147 3502 usus
1169 3443 1232 3504 est.
1281 3429 1448 3504 Primum
1472 3445 1572 3518 erat,
1608 3458 1690 3506 curn
1705 3432 1915 3506 Alexander
1936 3448 2063 3506 reem

16 3536 202 3612 sedetiam
226 3536 453 3608 ordinemsiu
476 3534 622 3606 civitate
644 3536 813 3608 deseruit.
864 3533 1015 3627 Accepit
1063 3546 1238 3626 occupato
1254 3557 1386 3627 regno,
1407 3535 1508 3607 domi
1521 3536 1629 3607 rebus
1650 3537 1814 3608 nondum
1838 3535 2067 3629 compositis,-
2178 3625 2184 3631 .

19 3641 117 3713 enim
147 3639 331 3718 triremem
362 3650 540 3720 vestram,
580 3649 617 3706 et
647 3637 843 3730 imperatas
865 3637 1012 3708 Graecis
1062 3637 1102 3706 in
1118 3633 1242 3708 Asiam
1267 3633 1449 3716 transivit3
1481 3661 1555 3731 quo
1585 3648 1749 3730 tempore
1777 3661 1843 3708 rex
1863 3637 2060 3710 Persarum

16 3742 186 3840 pecunias
200 3742 328 3835 exegit.
377 3739 518 3812 Deinde
535 3763 615 3822 curn
633 3740 822 3813 reduceret
838 3762 920 3811 eum
939 3740 1013 3810 lor·
1064 3737 1167 3811 omni
1183 3737 1269 3808 belli
1289 3749 1487 3832 apparatu,
1519 3737 1693 3826 navibus,
1720 3739 1874 3833 pecunia
1896 3751 1933 3812 et
1951 3742 2070 3833 peden

18 3863 108 3920 tuna
122 3845 263 3940 publica
277 3857 422 3938 premor
440 3842 663 3938 opinionem,
678 3841 783 3915 initio
799 3841 838 3912 in
853 3841 1014 3914 maximo
1063 3839 1196 3913 stribus
1210 3839 1323 3932 copiis
1346 3840 1528 3934 praeclare
1552 3841 1746 3918 instructus
1770 3856 1866 3930 erat,
1892 3855 1929 3915 et
1947 3845 2066 3916 libera-r

19 3962 119 4022 metu
130 3949 219 4035 init,
244 3960 280 4020 et
294 3948 515 4020 semianimis
528 3948 728 4038 procedens
742 3945 780 4014 in
795 3957 1014 4036 suggestum,
1064 3956 1120 4014 ter
1147 3944 1331 4016 vobiscum
1361 3943 1569 4018 sociotatem
1589 3946 1731 4022 iecisset
1750 3959 1901 4041 propter
1921 3947 2062 4041 impert·

22 4052 139 4137 iussit‚
164 4065 204 4123 ut
224 4076 263 4132 se
284 4051 383 4144 pacis
405 4050 590 4122 custodem
613 4048 802 4142 eligeretis.
853 4046 928 4120 Vos
950 4071 1013 4120 an-
1065 4045 1185 4118 dentia
1203 4047 1375 4140 pericula.
1425 4045 1522 4120 Num
1544 4074 1587 4121 eo
1611 4064 1776 4144 tempore
1796 4051 1954 4146 aliquem
1978 4060 2069 4122 oras·

22 4171 95 4230 tem
110 4180 152 4225 eo
167 4167 351 4247 tempore,
375 4177 577 4225 nonomen
597 4153 744 4247 quidem
758 4147 1013 4224 Demosthenis
1065 4150 1201 4222 tionem
1218 4146 1401 4224 habuisti?
1427 4174 1514 4222 num
1526 4153 1680 4248 ,aliquod
1692 4155 1805 4229 abste
1820 4153 2069 4246 compositum¹

24 4263 73 4334 ad
99 4259 235 4331 decreta
265 4257 421 4338 adscribi
450 4256 731 4350 permittebatis,
763 4257 827 4328 sed
853 4255 1014 4330 Naresicli
1065 4253 1248 4327 decretum
1264 4253 1385 4326 extat?
1411 4252 1494 4339 Vis,
1516 4253 1633 4330 dicam
1653 4269 1688 4328 te
1702 4257 1741 4328 in
1757 4269 1858 4330 metu
1870 4256 2066 4349 tunsepso·

23 4363 123 4437 illum
149 4361 397 4454 magistratum
423 4359 639 4430 mandastis:
673 4383 772 4430 nunc
793 4381 882 4429 vero
903 4357 1012 4431 etiarn
1065 4369 1128 4430 tuo
1147 4381 1249 4430 more
1265 4383 1307 4431 ac
1323 4355 1479 4428 nausa?
1512 4356 1625 4454 Atqui
1650 4359 1813 4448 oratoris,
1829 4358 2068 4434 timiditatem·

24 4487 190 4538 coronam
206 4465 316 4536 audet
329 4463 525 4557 postulare.
1065 4460 1265 4552 respublica
1289 4472 1477 4554 expectare
1499 4483 1575 4534 non
1596 4475 1727 4556 potest
1776 4461 1938 4550 Deinde,
1963 4475 2064 4559 post·

36 4625 44 4632 .
123 4568 317 4662 Postquam
343 4579 463 4641 autem
486 4560 657 4656 Philippo
685 4563 841 4636 extincto
861 4557 1015 4636 Alexanss
1066 4586 1176 4658 quam
1198 4563 1332 4637 Darius
1351 4588 1432 4636 tum
1457 4565 1626 4640 omnibus
1650 4566 1763 4661 copiis
1790 4566 1992 4654 descendit,
2026 4579 2066 4640 et

28 4673 92 4746 der
111 4671 145 4740 in
165 4693 278 4763 regno
300 4669 484 4754 successit,
516 4664 635 4759 coepit
657 4664 788 4740 iterum
812 4666 1014 4760 praestigiis
1064 4666 1268 4738 Alexander
1280 4666 1320 4738 in
1335 4665 1458 4739 Cilicia
1472 4667 1513 4738 in
1529 4670 1693 4742 omnium
1715 4693 1838 4744 rerum
1856 4670 1981 4766 inopia
2006 4667 2066 4765 (ut

29 4773 235 4872 quibusdam
253 4798 318 4847 vos
329 4771 522 4844 ludificari:
549 4780 699 4864 propter
716 4768 918 4845 Pausaniae
939 4795 1014 4842 me·
1067 4781 1107 4840 tu
1137 4769 1297 4868 dicebas)
1328 4771 1593 4846 circumventus
1614 4788 1727 4862 esset,
1760 4787 1806 4848 et·
1818 4789 1859 4850 tu
1880 4774 2071 4848 intimans

28 4877 175 4952 moriam
189 4901 290 4948 sacra
304 4875 384 4954 lieri
395 4874 556 4959 curavit,
580 4884 745 4946 senatum
763 4875 803 4944 in
816 4873 1015 4946 marimum
1065 4874 1249 4960 futurum,
1274 4886 1314 4945 ut
1330 4875 1560 4948 multitudine
1582 4877 1763 4974 equitatus
1778 4877 1915 4952 Persici
1936 4877 2066 4971 copiae

30 4981 211 5062 discrimen
244 4981 393 5052 adduxit
421 4990 570 5072 propter
593 4977 872 5066 gratulationem
894 4991 931 5050 et
948 4973 1015 5050 ho·
1066 4973 1263 5066 Alexandri
1276 5001 1425 5072 prorsus
1441 4979 1753 5056 conculcarentur:
1779 4977 2066 5057 lrictrraminso·
2124 4987 2161 5038 ‘-

32 5087 128 5169 stias,
151 5084 355 5159 Alexandro
378 5104 580 5175 cognomen
600 5076 779 5174 Margitae
803 5081 954 5166 indidit,
980 5092 1018 5152 et
1066 5079 1215 5152 lentiam
1231 5106 1277 5154 ne
1291 5093 1367 5154 tota
1383 5081 1529 5179 quidem
1544 5084 1671 5159 civitas
1684 5087 1869 5180 capiebat,
1896 5109 1977 5156 cum
1996 5081 2076 5162 cin.

33 5191 202 5260 affirmare
218 5210 323 5260 ausus
345 5199 417 5273 est,
444 5207 632 5277 nunquam
660 5209 741 5255 eum
765 5183 1013 5256 eMacedonia
1067 5185 1263 5257 cumlerres
1285 5209 1476 5280 suspensas
1498 5187 1543 5262 de
1564 5188 1685 5284 digitis
1710 5187 1898 5283 epistolas,
1932 5198 1969 5260 et
1987 5185 2065 5260 vul·

31 5293 197 5364 exiturum
210 5313 304 5376 esse,
323 5293 385 5362 sed
403 5298 610 5360 contentum
628 5287 707 5358 iore
721 5288 1014 5373 obambulantem

67 5425 110 5494 rs)
127 5426 259 5487 interitu]
277 5421 328 5476 trs.
348 5421 423 5476 taes.
442 5432 539 5477 errore
556 5393 686 5490 tessera
712 5419 862 5474 uterere.
1104 5422 1152 5482 rs)
1170 5421 1269 5484 snut]
1285 5421 1335 5477 rt.
1356 5421 1532 5566 mg'g'im
