4648 5794
77 148 138 226 ua
210 141 331 224 XXIII.
372 143 681 221 ARGUMENTA
704 143 774 222 ἘΤ
796 147 1000 224 SCHDHA
1020 143 1073 226 lli
1097 149 1246 228 EPldT.
1267 152 1383 232 ΕΔΜ.
1408 157 1498 234 CIC'
1519 159 1683 240 met
1707 162 1781 238 ΕΡ.
1792 161 1854 242 28.
1872 166 1935 240 29.
2009 165 2087 242 414

74 321 211 412 ponitur
239 320 346 410 longa
376 317 558 402 narratio,
611 341 705 413 quae
736 321 896 394 continet
931 318 1062 414 capita'
1099 325 1241 396 ordinm
1259 339 1399 406 constat
1412 333 1543 404 affectu
1555 341 1597 406 'ax
1611 333 1794 409 Ciceronis
1806 335 1851 406 de
1865 334 1979 406 Matio
1992 336 2084 407 iudi-

73 418 345 515 reprehcnsionis
364 445 427 492 seu
446 419 725 505 criminationis,
763 426 863 518 quod
884 425 1048 496 videlicet
1098 426 1174 496 cio:
1200 427 1349 502 Gaudeo
1368 446 1402 504 te
1419 431 1535 506 adhuc
1549 437 1640 508 bene
1654 439 1771 514 dente
1785 437 1929 511 sentire.
1974 437 2084 510 Addit

73 527 246 597 Caesarem
261 522 480 608 secutussit,
505 522 630 596 eteius
651 535 807 596 mortem
827 551 1045 622 magnopere
1097 528 1276 601 rationem
1302 558 1345 604 ex
1372 561 1457 607 suae
1486 539 1722 610 conscientiae
1751 540 1898 624 fidncia,
1939 549 1973 608 et
2003 563 2083 632 per·

70 629 194 706 doleat;
219 627 306 696 item
321 625 500 708 rationes,
526 625 655 720 quibus
675 649 715 696 ea
742 630 918 716 confutat,
950 655 1045 702 sum·
1096 631 1239 724 stringit
1252 635 1377 707 leviter
1396 639 1621 724 Ciceronem,
1654 643 1753 736 quod
1766 641 1889 738 inique
1904 643 1948 711 de
1965 641 2080 712 amico

72 743 141 822 ptas
159 752 201 798 ex
215 723 378 800 honesto.
427 725 618 800 interserta
640 741 825 820 praeterea
850 743 903 804 est
922 735 1045 804 confu-
1095 729 1241 806 homine
1263 737 1485 814 iudicaverit.
1534 744 1662 816 Postea
1682 746 1854 838 proponit
1874 743 1912 812 in
1935 765 2079 834 genere:

70 831 255 902 tatiuncula
271 828 431 900 criminis
446 826 672 900 deAntonio.
708 829 810 902 Hanc
821 832 966 926 longam
983 837 1045 906 de·
1094 832 1173 927 Ego
1186 862 1244 908 me
1259 841 1325 910 tibi
1338 842 1410 912 iam
1426 847 1600 916 excusabo
1614 847 1657 916 de
1677 845 1738 930 iis,
1772 845 1923 941 quaein
1945 868 2003 915 me
2024 869 2080 914 re·

66 933 252 1003 sensionem
284 930 472 1002 concludit
492 931 760 1024 praedicatione
787 934 882 1005 vitae
904 949 939 1006 et
959 937 1043 1007 fidei
1093 935 1322 1030 prehendunt
1343 946 1502 1040 quidam.
1562 947 1772 1019 Generalem
1794 945 2079 1040 propositionem

65 1059 140 1106 suae
155 1057 236 1126 erga
254 1033 524 1126 rempublicam.
574 1031 617 1104 ln
637 1033 706 1104 bne
729 1035 887 1110 breviter
907 1050 1043 1123 monet,

65 1138 142 1231 quid
157 1133 227 1206 hoc
242 1149 403 1229 tempore
421 1159 524 1228 agere
539 1134 773 1223 constituerit,
795 1149 831 1208 et
845 1141 952 1212 simul
965 1140 1042 1211 lau-

62 1242 117 1308 dat
131 1235 393 1310 humanitatem
410 1239 626 1332 singularem
642 1237 816 1313 Trebatii.

295 1405 431 1478 Aliud
464 1421 793 1501 argumentum.
854 1441 867 1463 κ

153 1541 352 1614 Exordium
365 1539 475 1614 habet
490 1543 609 1616 locum
622 1545 892 1616 benevolentiae
916 1565 937 1613 a
960 1566 1042 1636 per·

50 1671 138 1716 sona
156 1647 358 1732 Ciceronis,
384 1648 483 1742 quod
496 1660 591 1718 recte
611 1649 655 1718 de
676 1660 752 1718 tota
777 1671 881 1718 causa
906 1646 1040 1715 iudica-

50 1751 163 1833 verit,
191 1762 226 1819 et
246 1745 336 1820 nihil
356 1761 488 1820 temere
510 1752 653 1820 credere
677 1749 831 1820 voluerit
852 1750 896 1818 de
912 1747 1038 1820 Matio.

48 1847 241 1935 Narratio,
268 1875 358 1948 quae
374 1851 546 1948 sequitur,
573 1866 625 1923 est
640 1853 743 1922 valde
757 1851 887 1936 brevis,
912 1849 950 1919 in
967 1874 1036 1944 qua

55 1966 192 2024 tantum
208 1967 394 2024 enumerat
408 1978 482 2023 uno
505 1967 611 2051 atque
633 1955 746 2025 altero
769 1954 878 2024 verbo
904 1975 1038 2036 causas,

55 2068 201 2148 propter
234 2079 323 2151 quas
353 2056 392 2125 in
416 2081 557 2127 summo
579 2057 627 2128 sit
647 2057 730 2127 odio
754 2059 851 2149 apud
874 2053 1037 2126 inimicos

54 2157 224 2230 Caesaris.
275 2155 414 2227 Deinde
428 2159 575 2250 ponitur
590 2160 637 2228 ad
650 2159 756 2228 finem
783 2183 894 2255 usque
916 2158 1036 2226 defen-

54 2261 104 2330 sio
129 2258 261 2331 obiecti
280 2259 458 2346 criminis,
493 2263 591 2357 quod
609 2261 705 2334 solus
725 2262 862 2353 lugeret
882 2272 1036 2330 mortem

53 2363 225 2446 Caesaris,
247 2362 353 2457 idque
368 2363 516 2434 omnino
533 2377 622 2436 esset
638 2375 762 2434 contra
778 2365 932 2434 officium
949 2361 1036 2432 honi

53 2466 146 2536 civis.
221 2464 386 2534 Primum
418 2465 572 2536 ostendit
597 2465 719 2536 multis
750 2465 968 2556 argumentis
1002 2475 1037 2534 et

52 2569 177 2659 signis,
204 2591 241 2636 se
266 2563 382 2636 adhuc
406 2589 590 2662 nunquam
611 2569 780 2660 probasse
805 2567 945 2636 civilem
966 2567 1035 2637 dis-

51 2671 267 2753 sensionem,
291 2692 406 2762 nequc
423 2669 559 2763 aliquid
572 2669 705 2752 fecisse,
731 2671 829 2762 quod
845 2682 935 2739 esset
951 2693 1036 2737 con-

50 2784 97 2840 tra
115 2771 277 2842 officium
292 2769 381 2840 honi
395 2770 492 2842 civis.
541 2769 680 2841 Deinde
701 2770 852 2860 colligit,
884 2794 920 2841 se
945 2769 1034 2841 iuste

48 2875 183 2956 facere,
217 2874 317 2967 quod
347 2871 504 2962 graviter
532 2873 624 2942 ferat
652 2871 838 2942 interitum
863 2870 1034 2944 Caesaris.

47 2974 130 3046 Item
146 2975 287 3058 officia,
315 2997 405 3068 quae
421 2973 573 3044 vicissim
589 2998 657 3067 pro
674 2973 821 3044 summis
836 2973 959 3044 officiis
978 2998 1035 3044 ex-

46 3075 166 3148 hibeat
193 3076 337 3148 Caesari
357 3075 430 3145 iam
452 3077 638 3161 defuncto,
669 3099 742 3146 esse
765 3076 947 3147 cuiusdam
967 3071 1034 3146 hu-

46 3179 228 3251 manitatis
268 3191 303 3247 et
340 3178 488 3248 omnino
520 3177 613 3250 iusta
645 3189 794 3270 propter
828 3178 1034 3248 amicitiam.

47 3281 255 3378 tropserffl)
270 3275 358 3349 haec
374 3281 475 3350 addit
488 3278 802 3372 reprehensionem
820 3293 944 3350 contra
961 3303 1034 3366 eos,

49 3410 114 3480 quo
132 3385 203 3455 ista
227 3383 342 3454 officia
363 3376 597 3454 humanitatis
620 3383 738 3453 ausint
762 3378 1032 3475 reprehendere.

50 3485 83 3556 ln
97 3489 172 3556 fine
194 3485 343 3578 ponitur
367 3485 576 3574 significatio
602 3483 689 3570 loci,
722 3483 760 3552 in
783 3509 854 3580 quo
878 3486 1032 3555 maxime

49 3590 153 3658 vitam
180 3590 306 3678 degere
331 3587 469 3678 cupiat,
501 3585 621 3656 addita
642 3586 849 3658 laudatione
872 3590 916 3657 de
943 3587 1032 3657 Tre-

50 3691 154 3763 batia.

279 3837 421 3911 Aliud
447 3851 780 3933 argumentum.

143 3974 230 4045 Fuit
249 3969 309 4044 hic
323 3973 457 4047 Matius
470 3974 616 4047 Caesari
639 3971 945 4054 coniunctissimus
969 3993 1032 4063 per

54 4102 190 4147 omnem
206 4077 329 4148 vitam.
381 4077 501 4170 Quare
524 4077 632 4148 etiam
654 4077 766 4146 multa
792 4099 835 4145 ex
856 4073 1030 4146 sententia

52 4178 151 4250 llatii
172 4179 304 4250 Caesar
325 4179 526 4264 constituit,
567 4193 603 4250 et
630 4178 729 4248 illam
751 4175 1030 4248 laudatissimam

51 4281 331 4352 moderationem
361 4282 552 4365 victoriae,
602 4304 711 4377 quam
741 4303 817 4349 non
850 4279 1030 4348 immerito

51 4385 230 4475 praedicat
250 4383 393 4468 Cicero,
426 4383 560 4480 Matius
587 4384 742 4452 multum
761 4383 904 4452 videtur
931 4383 1032 4450 adiu-

52 4488 149 4560 visse.
220 4485 310 4558 Cum
341 4487 451 4578 igitur
484 4487 599 4557 occiso
624 4484 776 4556 Caesare
809 4509 884 4554 non
914 4484 1030 4554 solum

50 4591 161 4662 amico
179 4611 216 4658 se
232 4588 369 4658 videret
383 4591 549 4660 orbatum
558 4586 710 4671 Matius,
736 4588 797 4658 sed
815 4585 922 4656 etiam
938 4609 1031 4654 rern-

49 4692 225 4786 publicam
249 4692 357 4775 duce,
397 4691 437 4760 in
465 4715 536 4786 qua
567 4689 789 4760 dominaturi
818 4688 1031 4758 videbantur

47 4787 209 4867 homines
224 4795 382 4866 crudeles
396 4808 430 4864 et
447 4792 586 4885 cupidi,
619 4790 748 4861 merito
770 4804 925 4860 mortem
944 4789 1031 4860 Cae-

48 4899 135 4972 saris
160 4897 371 4988 deploravit.
428 4893 470 4965 Id
496 4895 581 4990 quia
611 4893 815 4962 offendebat
845 4917 926 4975 eos,
968 4893 1031 4984 qui

41 5001 204 5076 Caesaris
225 5011 343 5070 morte
364 4998 609 5081 laetabantur,
635 4995 802 5066 Ciceroni
823 5007 858 5063 et
879 4992 1030 5075 consilii,

39 5121 82 5178 et
97 5103 202 5176 officii
220 5101 276 5172 sui
289 5102 467 5170 rationem
484 5096 552 5170 hac
568 5097 717 5190 epistola
735 5095 903 5167 ostendit.
961 5093 1030 5164 Ex-

20 5247 244 5282 x....---

82 5357 124 5420 π)
144 5353 278 5419 Propter]
291 5349 332 5404 rto
342 5349 426 5402 nnn
434 5346 523 5413 156⁵,
541 5343 629 5411 tm,
641 5341 733 5410 tm,
750 5341 801 5397 ltd.
812 5341 888 5394 tado.
904 5342 1028 5394 Praeter.

1092 1042 1253 1136 sequitur
1267 1047 1449 1132 narratio,
1475 1049 1598 1142 inqua
1614 1062 1888 1133 commemorat,
1914 1047 2001 1142 quid
2016 1048 2080 1116 ob-
2099 1075 2101 1078 ·

1093 1141 1216 1214 iiciant
1232 1148 1446 1235 adversarii,
1467 1175 1596 1243 nempe
1612 1153 1709 1246 quod
1725 1153 1768 1220 de
1785 1148 1944 1222 Caesaris
1960 1161 2076 1218 morte

1093 1245 1222 1320 doleat.
1272 1249 1329 1318 Ad
1346 1273 1423 1322 eam
1437 1253 1619 1346 querelam
1635 1253 1753 1346 primo
1767 1252 1960 1345 respondet
1976 1273 1996 1318 a
2010 1272 2076 1322 suo

1093 1346 1226 1421 officio:
1267 1350 1383 1422 Doleo
1414 1366 1586 1448 tanquam
1616 1356 1659 1424 de
1691 1354 1826 1436 amico,
1870 1375 1976 1446 quem
2000 1373 2078 1420 non

1093 1452 1274 1520 commodi
1288 1454 1360 1522 mei
1378 1479 1502 1539 causa,
1527 1457 1590 1527 sed
1612 1455 1790 1525 amicitiae
1811 1453 1952 1524 ratione
1977 1475 2074 1524 secu-

1092 1560 1149 1621 tus
1172 1577 1262 1624 sum.
1320 1553 1413 1626 Nam
1436 1581 1553 1652 neque
1575 1553 1644 1626 hoc
1669 1556 1847 1652 quaesivi,
1881 1554 1978 1648 quod
2001 1553 2075 1634 alii,

1091 1665 1131 1721 ut
1146 1653 1382 1746 locupletaret
1398 1683 1440 1726 ex
1455 1659 1529 1730 eius
1551 1659 1719 1743 victoria,
1752 1670 1787 1727 et
1805 1658 1898 1748 leges
1914 1655 2073 1726 Caesaris

1091 1755 1135 1823 de
1152 1777 1233 1825 aere
1247 1757 1363 1827 alieno
1378 1757 1468 1830 mihi
1483 1763 1590 1831 etiam
1607 1763 1809 1832 obfuerunt.
1864 1758 2028 1827 Secundo
2051 1779 2073 1822 a

1090 1857 1225 1929 meritis
1240 1858 1417 1945 Caesaris,
1442 1863 1510 1934 fuit
1532 1864 1707 1935 beneficus
1729 1875 1764 1932 et
1786 1861 1939 1931 clemens
1962 1858 2001 1926 in
2024 1856 2073 1925 ci-

1089 1983 1167 2042 ves,
1209 1973 1244 2031 et
1266 1963 1310 2032 ab
1334 1962 1397 2046 iis,
1440 1990 1530 2059 quos
1562 1966 1737 2049 servavit,
1774 1961 1978 2032 interfectus
2008 1968 2071 2028 est

1087 2057 1168 2131 lure
1191 2062 1300 2156 igitur
1321 2067 1438 2136 doleo.

1301 2236 1438 2310 Aliud
1470 2236 1851 2334 argumentumffi).

1187 2367 1253 2442 Est
1264 2374 1431 2444 refutatio
1446 2373 1519 2446 sive
1532 2373 1658 2444 dilutio
1674 2370 1902 2467 quorundam
1918 2363 2072 2434 obiecto-

1086 2492 1168 2540 rum
1191 2473 1393 2547 criminum.
1453 2475 1538 2546 Fuit
1562 2476 1658 2544 enim
1678 2471 1737 2544 hic
1760 2470 1893 2542 Matius
1911 2489 2004 2537 unus
2028 2486 2072 2531 cx

1087 2571 1223 2646 intimis
1248 2559 1370 2648 ainicis
1393 2589 1429 2647 et
1447 2577 1684 2652 familiaribus
1700 2575 1739 2647 C.
1755 2570 1926 2644 Caesaris.
1977 2563 2011 2635 ls
2034 2575 2071 2632 et

1087 2674 1249 2746 dolenter
1267 2679 1349 2749 tulit
1370 2703 1493 2750 necem
1517 2679 1696 2761 Caesaris,
1737 2690 1773 2745 et
1803 2697 1883 2744 eum
1906 2669 2071 2738 dolorem

1086 2798 1160 2845 nou
1185 2779 1275 2847 clam
1297 2776 1434 2852 hahuit.
1498 2780 1728 2873 Quapropter
1744 2779 1841 2870 apud
1861 2772 2070 2843 Ciceronem

1086 2889 1121 2944 et
1140 2878 1229 2950 alios
1250 2884 1424 2976 quosdam
1447 2885 1540 2952 male
1570 2882 1753 2962 audiebat,
1793 2874 1895 2970 quasi
1923 2867 2072 2964 tyranni

1086 3001 1208 3050 necem
1236 2982 1452 3074 impotenter
1483 2984 1647 3067 defleret,
1687 2993 1722 3051 et
1749 2977 1927 3072 privatam
1948 2969 2071 3040 amici-

1087 3080 1174 3151 tiam
1191 3077 1362 3156 charitate
1375 3085 1513 3178 patriae
1530 3083 1708 3177 potiorem
1723 3078 1881 3152 haberet.
1934 3071 2069 3144 Matius
2144 3143 2152 3150 ,

1085 3179 1152 3252 hac
1184 3186 1334 3277 epistola
1368 3199 1510 3257 excusat
1540 3211 1581 3256 ac
1611 3184 1769 3256 defendit
1798 3176 1879 3250 hoc.
1935 3175 2069 3265 Estque

1084 3281 1172 3357 haec
1188 3287 1335 3380 epistola
1351 3290 1489 3380 generis
1512 3287 1705 3370 iudicialis,
1736 3295 1849 3356 status
1872 3290 1924 3350 est
1944 3274 2070 3346 iuridi-

1085 3389 1194 3462 cialis.
1242 3389 1411 3485 Disputat
1425 3390 1571 3462 enimse
1587 3401 1682 3460 recte
1698 3400 1734 3457 et
1746 3382 1895 3456 honeste
1911 3378 2043 3449 fecisse.

1236 3588 1423 3664 Scholia
1449 3591 1489 3661 in
1515 3589 1758 3683 epistolam
1783 3583 1904 3656 XXIX.

1186 3740 1218 3836 ἓ.
1236 3746 1270 3816 1.
1295 3747 1479 3815 Dubitanti
1491 3738 1595 3839 mitt]
1620 3739 1843 3832 Propositio:
1871 3733 2068 3807 Consilium

1084 3860 1186 3917 tuum
1226 3845 1295 3916 fuit
1333 3845 1562 3915 utilissimmn
1608 3856 1644 3914 et
1681 3838 1772 3912 mihi
1817 3837 2068 3932 gratissimum.

1083 3953 1224 4038 Semper
1237 3943 1403 4044 iudicavi]
1417 3946 1656 4039 Amplificatio
1671 3945 1855 4016 continens
1862 3941 1910 4036 ¹⁰)
1925 3937 2067 4006 laudem

1084 4049 1213 4142 Oppii,
1238 4063 1274 4120 et
1289 4050 1667 4119 commemorationem
1685 4048 1779 4118 illius
1795 4043 2004 4115 officiorum.

1374 4219 1698 4312 Argumentum
1712 4215 1772 4313 ³⁰).

1185 4353 1336 4426 Generis
1354 4353 1625 4448 demonstrativi
1640 4352 1787 4445 epistola
1806 4361 1869 4420 est.
1926 4343 2068 4414 Laudat

1083 4456 1178 4526 enim
1209 4482 1287 4527 cum
1314 4459 1467 4552 quadam
1499 4456 1694 4546 gratiamm
1717 4453 1857 4523 actione
1880 4446 2067 4518 consilium

1082 4558 1211 4654 Oppii,
1238 4560 1333 4654 quod
1355 4558 1422 4628 sibi
1445 4557 1621 4628 dubitanti
1640 4555 1861 4650 praebuerit,
1895 4562 1930 4620 et
1951 4560 2069 4620 osten-

1081 4663 1152 4746 dit,
1178 4673 1397 4756 quantopere
1416 4660 1450 4728 id
1468 4660 1536 4730 sibi
1551 4658 1735 4754 placuerit.
1791 4657 1885 4729 Nam
1907 4678 1988 4724 cum
2010 4648 2067 4720 Ci-

1082 4787 1163 4835 cero
1185 4763 1224 4831 in
1246 4763 1339 4834 bello
1365 4761 1459 4832 civili
1474 4761 1632 4833 Antonio
1657 4762 1792 4854 legatus
1814 4760 1852 4827 in
1877 4757 2066 4828 Graeciam

1084 4936 1288 4952 Μ

1113 5032 1163 5090 28)
1180 5030 1239 5081 llos
1255 5029 1445 5093 argumentum
1462 5028 1563 5079 habeut
1579 5027 1664 5080 natta.
1680 5027 1787 5078 tast-
1797 5027 1872 5078 1596.

1114 5113 1501 5176 29Joonttaeus1sioltd1tt.
1522 5113 1729 5178 tata-tota,
1749 5115 1842 5176 tm,
1862 5109 1953 5172 tuom
1982 5103 2065 5156 natat.

1152 5183 1239 5250 tata,
1256 5183 1332 5234 ¹56⁰.
1351 5183 1379 5234 et
1396 5181 1551 5234 confluens.

1113 5269 1162 5328 tto)
1182 5269 1242 5319 ltoo
1264 5269 1455 5332 argumentum
1472 5269 1501 5318 et
1517 5268 1571 5320 duo
1588 5267 1732 5334 sequentia
1747 5266 1776 5318 tn
1791 5263 1876 5317 natta
1887 5259 1978 5323 totta,
1998 5255 2066 5314 ¹⁵05

1147 5335 1264 5390 -1696,
1282 5335 1464 5402 repertantur.
