4584 5796
55 181 117 262 aas
161 171 274 252 uult
308 169 621 250 ARGUMENTA
644 169 715 248 nr
736 169 941 252 senona
967 165 1020 252 tn
1043 165 1201 254 unna.
1219 163 1333 254 tau.
1360 173 1447 256 ctu
1472 177 1645 262 tmvu
1671 187 1745 267 ΕΡ.
1753 191 1789 268 a.
1799 191 1835 269 4.
1844 191 1879 274 5.
1887 197 1924 272 6.
1974 201 2053 280 aas

18 391 19 394 ,
132 347 204 443 μ,
232 353 350 433 pm,
381 351 431 421 m·
453 339 601 446 cmm]
633 343 780 421 Potitio.
866 353 922 420 De
942 373 1007 446 qno
1060 343 1192 426 vitatus
1222 351 1267 424 sit
1296 351 1342 424 ad
1364 357 1687 434 commendandum
1709 357 1920 442 Trebatium
1944 371 2048 448 iuris-

49 452 113 554 etti]
133 451 293 524 Rationes
308 461 471 546 sumptae
484 471 528 520 ex
541 449 707 526 laudibus
720 449 896 524 Trebatii.
1058 453 1271 529 consultum.
1319 454 1459 528 Deinde
1477 461 1638 556 sequitur
1651 467 1851 560 propositio
1867 495 2047 547 commen-

1056 555 1224 628 dationis.
1288 557 1461 633 Rationes
1484 563 1575 635 duae
1597 579 1680 636 sunt
1704 571 1858 645 additae.
1922 575 2046 649 Altera

1014 689 1019 700 ·
1055 669 1109 728 est
1127 671 1269 752 sumpta
1291 683 1312 730 a
1337 686 1491 756 persona
1514 664 1715 751 Ciceronis;
1768 673 1880 745 altera
1903 690 1994 750 'vero
2023 703 2045 752 a

46 829 114 899 stiva
134 837 166 896 et
190 824 340 915 elegans.
392 819 629 894 Commendat
649 835 768 894 autem
790 819 1003 894 Trebatium
1053 761 1513 960 {frzffllfeebinuglgngffi
1539 769 1789 946 ffi’llitgtempss
1814 777 2045 954 effigi&

45 927 178 1013 Camila
203 925 265 1022 ‘1¹¹i
287 946 368 997 (Μ
392 923 729 1017 P¹⁶³⁸²⁸³⁸ffi³ffii⁸³
761 925 864 997 susse
884 921 1003 1020 90ωῆ
1053 963 1265 1037 Trebatium
1280 980 1395 1040 totum
1406 970 1551 1041 Caesari
1567 973 1679 1044 tradit
1690 975 1812 1047 addita
1827 983 2045 1056 correctiun·

44 1057 105 1103 eum
121 1054 180 1124 per
200 1027 424 1100 occasionem
448 1028 495 1098 ad
516 1027 653 1122 amplas
674 1051 759 1122 opes
788 1039 824 1099 et
849 1027 1002 1121 dignita·
1053 1067 1130 1138 cula
1160 1067 1343 1140 immune
1374 1073 1713 1162 commendationi„
1757 1101 1820 1152 „u
1847 1082 2043 1174 petitionis,

44 1147 96 1206 ten
115 1127 317 1226 provehere.
378 1127 575 1249 Exordipm
596 1127 705 1201 babet
724 1127 934 1250 ῃαῤῥησίαν
953 1130 1001 1250 de
1053 1171 1151 1266 quod
1182 1173 1255 1242 sem
1289 1167 1460 1246 humilius
1492 1173 1655 1268 peperit,
1694 1203 1803 1274 quam
1836 1177 2043 1259 humanit„

43 1259 89 1306 sua
112 1259 186 1326 erga
206 1232 395 1305 Caesarem
423 1233 565 1305 fiducra.
630 1231 799 1328 Sequrtur
825 1245 1001 1318 narratro,
1052 1270 1212 1346 Caesaris
1233 1275 1429 1368 permittat·

44 1361 112 1433 quae
142 1335 297 1406 continet
321 1333 523 1406 occasiones
552 1347 588 1404 et
617 1356 757 1419 causas,
797 1329 908 1432 quare
930 1329 1000 1406 boc

43 1439 234 1531 potissimum
250 1449 413 1530 tempore
428 1437 654 1508 commendet
671 1435 895 1511 Trebatium.
928 1434 1000 1507 De·
1100 1471 1427 1566 Argumentum
1460 1490 1503 1549 et
1536 1475 1611 1551 sch
1620 1483 1712 1554 015³
1744 1487 1835 1559 ine
1876 1489 1888 1510 .
1922 1503 1936 1564 ἱ

43 1544 104 1612 inde
129 1553 177 1612 est
200 1537 401 1634 propositio
432 1537 764 1612 commendationis.
826 1537 999 1612 Rationes
1460 1582 1549 1652 lam
1575 1581 1636 1658 Ἦ.
1842 1512 1913 1583 ¹³¹⁸
1944 1516 1990 1562 θ’

43 1655 174 1736 sumptae
190 1655 307 1716 sunta
321 1641 483 1714 moribus
498 1653 534 1713 et
551 1641 695 1734 ingenio
706 1641 888 1725 Trebatii;
914 1639 1000 1712 item
1153 1651 1159 1660 '

43 1769 188 1838 agenore
215 1744 344 1828 officii,
384 1747 482 1840 quod
506 1745 672 1816 videlieet
691 1745 728 1814 id
749 1768 824 1814 non
847 1744 1001 1816 nimium
1153 1732 1387 1833 Obiurgat⁸')
1413 1735 1643 1828 Trebatium,
1677 1741 1907 1838 impatienter
1926 1752 2042 1825 leren-

41 1861 124 1939 petat.
162 1847 351 1919 Conclusio
366 1840 474 1916 habet
487 1847 633 1916 brevem
649 1847 901 1939 repetitionem
916 1870 1001 1940 pro·
1052 1845 1124 1904 lem
1147 1837 1328 1909 11101θὸ5111
1350 1839 1669 1944 Perfltfifflfiffllt,
1713 1860 1748 1917 tt
1766 1844 1934 1922 hortatur
1957 1837 2042 1924 euni

41 1950 196 2042 popponi,
214 1974 279 2021 ,eu
296 1950 633 2022 commendationis,
1052 1937 1169 2009 verbis
1182 1939 1334 2031 sumptis
1349 1963 1391 2010 ex
1404 1943 1609 2034 tragoedia,
1640 1969 1732 2040 quae
1755 1960 1930 2024 testantur
1948 1957 2041 2025 mul-

1053 2051 1107 2110 tos
1124 2052 1222 2110 extra
1237 2042 1392 2134 patriam
1408 2043 1499 2114 bene
1513 2047 1729 2122 consuluisse
1743 2050 1816 2122 suis
1831 2056 1949 2128 rebus.
1985 2053 2043 2128 lo-
2068 2133 2071 2143 ,

1053 2154 1154 2214 catur
1169 2167 1250 2214 cum
1265 2139 1412 2213 homine
1428 2147 1613 2244 amieo⁸¹).

118 2237 206 2309 Haec
222 2236 374 2331 epistola
389 2240 436 2309 ad
452 2237 639 2310 Caesarem
654 2251 737 2309 ante
750 2237 883 2309 bellum
898 2236 1001 2308 civile
1156 2241 1188 2336 ἓ.
1204 2246 1239 2317 1.
1272 2249 1317 2316 ln
1338 2247 1491 2318 omnibus
1510 2244 1615 2346 meis]
1641 2249 1810 2322 Narratio
1823 2253 1883 2352 ⁸¹).
1989 2261 2042 2327 Tls

42 2341 139 2434 scripta
153 2354 221 2426 est,
248 2353 373 2436 estque
398 2340 718 2426 commendaticia,
754 2364 846 2438 quae
863 2351 1002 2411 constat
1051 2350 1146 2418 modo
1170 2343 1336 2445 ineptias]
1360 2345 1537 2439 Obiurgat
1558 2349 1781 2424 Trebatium.
1861 2359 1953 2441 oms
1976 2361 2066 2429 Ges

41 2443 278 2534 elegantissimis
309 2440 447 2527 verbis,
488 2457 523 2514 et
550 2445 656 2536 plena
680 2456 734 2515 est
754 2437 1000 2515 humanitatis.
1050 2445 1225 2547 riatbnm]
1249 2448 1342 2519 Sunt
1365 2450 1521 2520 mutilati
1540 2475 1662 2524 versus
1682 2451 1868 2552 Enuii³⁸)‚
1901 2469 1936 2525 et
1956 2471 2041 2530 sunt

40 2543 201 2618 lnsumma
217 2559 342 2617 autem
363 2547 591 2616 commendat
604 2545 835 2631 Trebatium,
867 2558 904 2616 et
921 2545 1001 2616 dili·
1051 2563 1192 2622 tantum
1215 2552 1374 2622 membra
1397 2575 1576 2624 versuum.
1627 2552 1738 2624 Iidem
1746 2556 1794 2652 ⁸⁴)
1818 2581 1938 2628 versus
1957 2571 2042 2629 sunt

39 2649 207 2740 gentissime
223 2658 351 2740 rogat,
376 2659 417 2718 ut
431 2647 622 2719 autoritate
638 2662 675 2719 et
689 2647 821 2720 auxilio
839 2647 1000 2720 Caesaris
1051 2653 1187 2724 Graece
1201 2655 1298 2745 apud
1311 2653 1522 2746 Euripidem
1538 2655 1576 2724 in
1592 2654 1716 2728 Medea
1725 2657 1786 2754 ⁸⁶).
1862 2663 2042 2751 Gypeetic·

38 2747 192 2822 honestam
222 2751 384 2845 aliquam
410 2751 652 2820 conditionem
682 2745 824 2821 babeat.
887 2748 1001 2820 Exor·
1049 2751 1167 2852 rimis]
1201 2755 1238 2823 id
1262 2767 1335 2838 est,
1368 2755 1638 2830 candidissimis.
1735 2761 1886 2832 museto
1905 2758 2041 2858 come]

39 2853 114 2922 dium
127 2856 320 2924 admodum
336 2853 444 2924 breve
460 2865 513 2924 est
531 2865 714 2945 sumptum
736 2877 758 2924 a
779 2851 910 2923 fiducia
929 2851 1001 2923 sin·
1051 2855 1186 2926 Cavere
1203 2868 1254 2928 est
1269 2854 1452 2941 hocloco,
1478 2860 1563 2928 dare
1583 2857 1771 2932 consilium
1794 2859 1981 2956 dieentitt)
2002 2863 2041 2934 in

39 2957 141 3044 gularis
155 2955 308 3038 amoris,
329 2979 370 3024 ac
385 2967 530 3026 mutuae
542 2955 824 3026 benevolentiae.
874 2953 1000 3047 Sequi-
1050 2957 1202 3043 iudicio,
1227 2981 1272 3028 ne
1289 2957 1490 3027 committat
1504 2958 1542 3027 in
1557 2960 1663 3050 leges.

39 3069 81 3126 tor
92 3059 267 3142 narratio,
293 3079 383 3152 quae
399 3056 559 3128 continet
577 3055 883 3128 enumerationem
900 3079 1000 3127 occa·

38 3161 152 3232 sinuum
166 3175 200 3232 et
214 3183 406 3231 causarum
428 3155 534 3230 huius
555 3183 640 3230 suae
667 3157 999 3229 commendationis.

37 3259 215 3334 Narratioui
238 3260 427 3334 subiicitur
450 3261 649 3355 propositio
682 3286 744 3332 seu
773 3259 919 3352 petitio,
960 3272 1000 3330 ut
1152 3257 1312 3350 Epistola
1346 3271 1399 3331 est
1417 3253 1686 3332 'adhortatorias
1750 3260 1845 3335 Nam
1874 3259 2040 3338 hortatur

36 3361 216 3438 Trebatium
251 3361 383 3435 habeat
409 3389 517 3457 quam
525 3361 572 3461 ²⁸)
600 3360 1000 3434 commendatissimum.
1050 3359 1282 3446 Trebatium,
1308 3374 1349 3433 ut
1366 3385 1445 3432 cum
1461 3360 1508 3432 sit
1521 3385 1667 3454 peregre
1684 3366 1875 3454 proiectus,
1898 3379 2041 3440 strenue

18 3463 177 3540 'Rationes
192 3467 336 3540 additae
350 3479 433 3538 sunt
445 3465 661 3562 sumptae't)
677 3491 719 3536 ex
740 3465 905 3536 laudibus
923 3487 1000 3532 mo·
1052 3463 1158 3532 etiam
1177 3487 1254 3533 rem
1272 3475 1392 3556 gerat,
1418 3475 1454 3533 et
1468 3463 1683 3536 desiderium
1706 3468 1805 3537 urbis
1827 3491 1942 3562 aequo
1964 3473 2041 3540 ani-

37 3591 114 3654 rum,
136 3585 169 3641 et
182 3570 320 3664 ingenii
332 3569 464 3662 ipsius,
489 3568 609 3638 addita
633 3569 899 3661 praedicatione
923 3589 1001 3636 mo·
1050 3566 1229 3637 moleret.
1279 3565 1429 3637 Exordii
1442 3565 1523 3636 loco
1538 3567 1686 3658 ponitur
1698 3568 1879 3651 narratio,
1915 3570 2041 3665 inqua

36 3671 143 3742 destiae
163 3671 354 3766 singularis
376 3671 415 3739 in
438 3666 506 3740 bac
527 3669 713 3762 petitione.
779 3666 822 3739 ln
850 3671 920 3738 fine
949 3681 1002 3739 est
1051 3680 1311 3737 commemorat
1327 3690 1429 3740 suam
1449 3666 1672 3739 voluntatem
1696 3691 1738 3736 ac
1759 3667 1980 3759 diligentiam
2003 3674 2043 3741 in

37 3771 130 3848 brevis
146 3775 312 3869 repetitio
327 3771 598 3868 propositionis.
1051 3771 1338 3846 commendando
1353 3767 1546 3852 Trebatio,
1572 3768 1718 3840 Caesari
1733 3782 1769 3839 et
1786 3769 1913 3842 Balbo.
1971 3773 2042 3843 De-

1052 3871 1135 3940 inde
1148 3870 1309 3964 sequitur
1323 3867 1548 3954 adhortatio,
1582 3893 1674 3964 quae
1697 3871 1858 3943 continet
1877 3873 2042 3964 obiurga-

1052 3973 1207 4056 tionem,
1221 3974 1331 4067 quod
1346 3971 1575 4066 impatienter
1586 3975 1678 4043 serat
1694 3973 1873 4045 molestias
1885 3977 2040 4068 peregri-

232 601 381 674 llliud-
400 613 715 693 argumentum
731 601 792 698 ⁸²).

123 721 275 816 Epistola
306 733 359 792 est
381 720 698 806 commendaticia,
731 721 930 792 admodum
954 720 1004 790 le·

251 2101 393 2172 Aliud
421 2116 745 2194 argumentum.

1267 3122 1407 3200 Aliud
1438 3125 1823 3222 argumentum‘f).

262 3926 401 3998 Aliud
428 3909 756 4018 argumentum.

115 4063 312 4136 Exordium
334 4059 443 4132 babet
470 4059 711 4153 captationem
731 4056 1001 4128 benevolentiae
1052 4130 1258 4144 *-

38 4168 229 4238 ³⁰⁰¹¹¹¹¹¹¹¹¹²i
242 4164 438 4284 ⁵⁰⁰tepfii’
463 4162 608 4236 Amicm
624 4162 714 4232 alm
734 4183 813 4253 ²⁸⁰⁰
868 4159 1002 4277 Eique
1086 4213 2041 4290 eosnunveetannotasset.,1sss,tstt.,tasr.presan

38 4271 221 4356 translatio,
246 4293 348 4364 quast
370 4269 520 4337 deceret:
554 4265 691 4350 Multa,
724 4285 816 4357 quac
838 4285 904 4354 ego
926 4285 1002 4354 rpse
1122 4295 1188 4347 sunt
1206 4291 1261 4345 (χρ,
1278 4293 1380 4343 ms„
1403 4291 1439 4342 ι.
1456 4288 1589 4340 amatos
1607 4286 1747 4350 notato.

38 4369 170 4444 lecturus
185 4395 306 4456 eram,
331 4394 427 4441 nunc
441 4371 487 4440 ad
504 4380 538 4438 te
559 4367 703 4461 reficio,
727 4362 821 4434 nihil
836 4365 1002 4434 dubitans
1086 4379 1136 4440 et)
1155 4379 1215 4430 noe
1231 4379 1424 4442 argumentum
1435 4371 1838 4442 ostentamenta-tate,
1851 4376 1939 4444 teat,
1953 4378 2040 4446 tato,

40 4483 65 4538 et
77 4487 105 4543 te
124 4477 301 4546 facturum
320 4473 399 4556 illa,
425 4495 506 4542 curn
527 4471 605 4540 veri
626 4466 732 4539 amici
752 4467 908 4538 eiusdem
933 4467 1005 4537 sint
1088 4448 1235 4593 affine
1252 4531 1345 4582 nm
1362 4529 1391 4578 et
1407 4525 1568 4589 mmm
1585 4525 1671 4580 m
1687 4525 1773 4593 Μ,
1795 4521 1880 4595 ,Μ’
1899 4531 1973 4583 ,m
1991 4546 2042 4586 ar-

41 4575 224 4661 voluntatis,
239 4577 405 4669 idemque
423 4574 587 4662 animus.
607 4569 765 4642 Exordio
785 4570 905 4638 addita
921 4581 1004 4638 sunt
1122 4601 1224 4653 ,mg
2145 4655 2151 4662 ἰ

40 4677 97 4746 duo
109 4691 328 4772 argumenta,
355 4700 447 4771 quae
462 4675 644 4770 pertinent
658 4676 703 4744 ad
718 4671 1003 4765 propositionem
1088 4687 1138 4748 aa)
1156 4687 1266 4738 verear
1283 4681 1396 4734 narses
1412 4679 1503 4732 matt.
1539 4679 1619 4734 cont
1632 4677 1851 4732 Petrtscrtvertt
1871 4684 2042 4745 certassem

1123 4758 1248 4806 veterum
1265 4751 1458 4815 Tregtaorurr,
1476 4747 1549 4800 ldrtl
1562 4748 1730 4810 Andronici,
1747 4747 1841 4814 ltnnll,
1860 4751 1967 4820 Naevii,
1985 4757 2041 4808 Pe·
2166 4795 2168 4802 ,

41 4795 239 4875 ‘illimem’
256 4782 408 4852 alierum
424 4781 468 4850 ‘³⁰
483 4774 894 4853 bummim‘ca‘lafi‘i
920 4775 1006 4843 alte·
1124 4822 1213 4886 envas,
1236 4819 1305 4871 star
1321 4820 1358 4869 u.
1394 4819 1498 4880 passus
1521 4818 1612 4870 roeo.
1635 4815 1888 4882 aragonensem
1910 4823 2041 4884 castige-

41 4903 106 4952 mm
120 4887 160 4954 de
177 4884 363 4956 occasione
384 4883 503 4954 oblata
524 4903 590 4974 per
610 4879 766 4961 litteras,
800 4876 929 4972 quibus
952 4875 1006 4944 in·
1122 4892 1215 4942 atone·
1232 4890 1262 4938 ea
1278 4885 1704 4970 uouerner.eer.1s.vossn
1720 4885 1891 4951 (argtum.
1907 4891 1981 4944 taen.
1999 4893 2041 4954 a.)

41 5019 225 5040 -.........
1127 4973 1154 5024 p.
1171 4957 1207 5010 tt
1217 4969 1261 5022 sq.
1281 4958 1309 5008 et
1326 4955 1423 5007 voest:
1434 4955 1584 5019 ‚magere
1601 4967 1628 5017 p,
1639 4953 1684 5005 17.

19 5125 23 5138 ,
67 5084 109 5144 il)
125 5087 182 5136 lton
199 5087 387 5150 tegumentum
404 5083 433 5133 et
450 5082 502 5134 dno
519 5075 663 5144 sequentia
681 5076 710 5127 tn
727 5075 813 5130 attat.
833 5073 921 5148 1555,
941 5073 1009 5126 1555
1093 5045 1258 5107 ulum]
1275 5043 1361 5094 Μ’
1381 5041 1474 5108 Μ’,
1493 5039 1570 5094 ¹⁵⁶⁰·
1588 5039 1672 5094 ΜΨ·

98 5155 209 5206 -1555
227 5153 412 5206 inveniuntur.
1093 5133 1144 5192 85)
1161 5130 1255 5194 Eutlp.
1271 5128 1370 5180 bledae
1386 5125 1557 5178 rte-etti.

69 5235 110 5301 15)
127 5239 219 5302 quau]
235 5237 284 5290 aa.
303 5237 378 5288 1559.
396 5233 640 5296 errassemus
665 5241 751 5292 quem.
1096 5219 1145 5276 td)
1163 5215 1280 5276 dicenti]
1299 5214 1348 5266 ltd.
1364 5213 1440 5262 1550.
1457 5208 1573 5261 ararat.

71 5321 115 5380 tt)
131 5325 192 5372 aunt
209 5323 345 5385 sumptae]
365 5321 406 5372 ste
423 5319 507 5370 nean.
523 5317 597 5370 1555.
603 5349 612 5381 ,
633 5315 725 5382 tm,
744 5312 838 5377 lma
864 5311 915 5368 nd.
933 5307 1009 5364 1555.
1096 5301 1145 5364 ⁸⁷)
1163 5303 1221 5354 Ποῦ
1238 5301 1428 5364 scrumosum
1445 5299 1474 5349 et
1491 5297 1544 5350 duo
1561 5295 1706 5361 moerus
1722 5296 1757 5348 ab
1769 5289 1853 5347 ente
1867 5291 1956 5363 tran,
1977 5297 2045 5353 1555

101 5395 220 5454 ronnas
237 5393 310 5446 runt.
1135 5373 1249 5425 -1595,
1268 5367 1439 5422 exornentur.

1352 5431 1440 5507 16·
