4624 5792
2282 69 2283 106 t

246 203 325 279 759
839 199 960 274 Pttlu.
991 201 1104 276 MEL.
1138 186 1343 276 SCRIPTA
1372 199 1711 276 PHILOLOGICA.
2119 235 2124 240 ·
2213 207 2276 282 760

192 432 196 438 ·
246 377 527 473 uniuscuiusque
543 367 699 448 vestrrim
716 376 889 448 desidiam
911 390 1019 472 atque
1039 375 1242 445 socordiam
1294 373 1459 445 ordinem
1481 373 1662 444 civitatem
1680 373 1912 466 redigendam
1929 399 2079 460 censeo,
2111 389 2153 448 ut
2176 399 2273 472 aequa

248 481 399 553 subinde
422 480 536 572 magis
559 505 601 548 ac
625 480 740 570 magis
761 493 903 572 augent.
967 479 1065 571 Ergo
1088 491 1147 561 tu,
1188 477 1242 546 in·
1295 477 1502 548 conditione
1516 477 1713 569 accipiant,
1738 478 1912 563 militent,
1938 481 2109 564 iudicent,
2137 491 2274 548 caetera-

249 585 350 678 quiet
370 583 518 679 aliquis,
557 582 775 674 stipendium
798 583 1001 655 laciendum
1027 579 1141 651 dieis?
1191 581 1243 649 Ac
1296 605 1365 676 que
1394 579 1547 664 saciant,
1587 605 1678 674 quae
1709 579 1859 677 quisque
1888 607 1952 674 per
1981 595 2136 653 aetatem
2163 595 2272 674 potest

251 688 451 758 admodum
477 686 622 780 quidem
657 709 838 782 unamque
868 700 903 757 et
935 688 1085 756 eandem
1121 683 1245 753 condi·
1294 687 1347 756 Ac
1362 683 1603 779 cuiuscunque
1618 684 1670 752 rei
1684 683 1917 782 gerendae⁸¹)
1935 686 2075 756 occasio
2091 686 2217 769 luerit,
2246 688 2272 755 in

251 790 387 860 tionem
419 791 579 858 omnium
613 789 742 858 debere
774 813 869 873 esse,
904 790 973 861 viri
996 783 1244 871 Athenienses,
1295 811 1360 858 suo
1385 787 1586 881 quibusque
1606 787 1732 856 ordine
1759 788 1971 871 constituto,
2010 813 2192 885 nusquam
2223 815 2271 880 ego

251 905 452 975 uteorum,
479 916 571 987 quae
587 893 792 962 communia
815 906 917 975 saint,
948 892 1080 984 singuli
1103 904 1241 983 partem
1295 891 1351 974 iis,
1378 889 1442 984 qui
1457 885 1548 964 nihil
1563 904 1686 980 agunt,
1711 913 1766 975 ea,
1790 915 1882 986 quae
1898 893 2086 982 agentibus
2105 895 2272 976 debentur,

252 996 409 1091 aliquam
427 1005 667 1087 capessentes,
694 995 935 1090 cuiuscunque
952 995 1076 1067 civitas
1092 993 1167 1086 ipsa
1189 993 1244 1062 iu·
1295 993 1538 1064 distribuenda
1556 1017 1629 1064 esse
1645 993 1745 1078 dico,
1771 1017 1888 1088 neque
1901 1017 2045 1065 rursum
2062 997 2161 1088 ipsos
2175 995 2272 1088 pigros

253 1097 403 1191 digebit,
441 1100 488 1168 ad
510 1098 547 1167 id
574 1111 719 1190 paratos
738 1124 780 1169 ac
799 1111 988 1193 promptos
1008 1123 1046 1169 se
1067 1098 1163 1188 ipsos
1185 1117 1252 1168 ex··
1296 1111 1405 1192 atque
1428 1096 1563 1188 otiosos
1593 1119 1687 1182 esse,
1728 1108 1836 1190 atque
1865 1097 2025 1189 indigere
2059 1100 2209 1191 debere,
2242 1104 2271 1168 de

252 1197 411 1272 hibeant.
480 1201 639 1296 Quodsi
662 1200 772 1293 igitur
793 1202 948 1297 quietem
976 1199 1096 1272 licebit
1127 1223 1245 1292 agere,
1295 1198 1547 1285 mercenariis,
1573 1196 1678 1271 huius
1693 1223 1739 1270 an
1759 1198 1852 1271 illins
1868 1199 2026 1284 vincant,
2053 1204 2170 1272 otiose
2186 1227 2270 1297 quae

251 1303 353 1376 dorni
366 1306 568 1386 manendo,
593 1305 724 1376 rectius
737 1329 779 1375 ac
797 1305 923 1378 melius
947 1331 1048 1399 ages,
1081 1327 1123 1373 eo
1146 1303 1245 1373 vide·
1296 1317 1427 1376 rentes.
1493 1299 1590 1374 llaec
1614 1302 1710 1372 enim
1735 1303 1930 1373 nunolieri
1951 1305 2082 1376 solent.
2144 1305 2196 1374 Ac
2217 1307 2270 1398 ipse

252 1407 335 1478 licet
349 1407 580 1477 incommodo
595 1406 782 1494 liberatus,
815 1433 860 1478 ne
876 1411 1245 1506 quidturpepropler
1298 1407 1443 1502 quidem
1462 1401 1742 1502 haudquaquam
1765 1403 2010 1498 reprebendo,
2038 1407 2069 1481 si
2096 1410 2269 1503 quisalius

256 1509 415 1604 inopiam
432 1510 630 1582 necessario
645 1512 710 1580 tihi
724 1512 771 1583 sit
784 1512 999 1584 faciendum.
1043 1511 1244 1592 sinautem
1297 1535 1358 1594 ea,
1385 1533 1478 1606 quae
1493 1511 1683 1594 convenit,
1706 1533 1774 1601 pro
1789 1509 1891 1584 vobis
1904 1510 2000 1580 lacit.
2048 1509 2187 1582 Verum
2204 1514 2269 1582 illud

256 1615 328 1684 tale
341 1613 478 1706 aliquid
493 1612 653 1698 eveniat,
679 1615 798 1709 qualia
818 1627 902 1686 sunt
921 1611 1009 1688 haec
1030 1612 1246 1706 praesentia,
1297 1613 1423 1696 velim,
1463 1615 1645 1706 vosipsos
1669 1637 1734 1706 pro
1758 1613 1860 1685 vebis
1887 1639 1926 1682 ea
1956 1615 2097 1699 lacere,
2139 1641 2270 1709 quomn

256 1718 332 1809 ipse
353 1717 455 1787 miles
478 1741 521 1786 es
543 1717 668 1788 iisdem
689 1715 786 1792 hisce
807 1732 996 1812 capturus,
1037 1718 1187 1810 perinde
1205 1728 1247 1786 ut
1297 1718 1412 1809 gratia
1429 1715 1508 1787 aliis
1524 1711 1679 1788 bonores
1701 1739 1742 1785 ac
1765 1718 1923 1810 praemia
1947 1718 2143 1802 confertis,
2179 1743 2270 1814 neque

256 1844 411 1913 aequum
436 1832 489 1892 est
510 1845 577 1913 pro
599 1823 740 1912 patria,
769 1821 907 1894 existes.
973 1823 1082 1918 Quod
1103 1819 1134 1891 si
1158 1843 1246 1890 vero
1298 1823 1479 1905 deserere,
1506 1819 1574 1888 viri
1591 1816 1844 1904 Athenienses,
1870 1843 1950 1890 eam
1967 1821 2165 1891 stationem
2184 1825 2269 1892 virtu-

254 1921 433 2018 quispiam
453 1935 609 1996 vestrum
627 1938 726 1997 extra
743 1938 896 1996 aetatem
911 1928 1039 2012 luerit,
1066 1945 1246 2019 quaecun-
1298 1925 1363 2009 tis,
1388 1946 1498 2020 quam
1514 1923 1668 1996 maiores
1685 1923 1792 1995 vestri
1805 1924 1920 1994 multo
1937 1925 2078 2010 labore,
2104 1926 2269 2019 multisque

256 2050 327 2119 que
359 2025 419 2095 ille
451 2051 549 2098 nuno
569 2027 718 2098 militiae
740 2029 911 2100 immunis
942 2026 1118 2100 inutiliter
1139 2037 1246 2120 atque
1298 2028 1466 2122 periculis
1483 2027 1681 2122 quaesitam
1700 2027 1801 2099 vobis
1815 2027 2054 2122 reliquerunt.
2108 2029 2189 2098 Dixi
2202 2031 2269 2108 lere,

254 2125 371 2200 otiose
385 2119 535 2223 accipit,
559 2153 601 2201 ea
616 2127 656 2202 in
671 2131 814 2227 aequali
829 2134 967 2204 delectu
989 2143 1096 2227 atque
1120 2129 1248 2200 ordine
1299 2128 1496 2227 quaemihi
1513 2134 1710 2201 coraducere
1725 2131 1904 2203 videntur.
1961 2132 2134 2204 Vestrum
2150 2133 2213 2202 erit
2224 2131 2267 2199 eli·

255 2231 423 2325 deinceps
438 2231 607 2326 accipiat,
634 2235 758 2306 omnia
781 2259 822 2306 ea
846 2237 1040 2308 observans
1064 2258 1105 2304 ac
1128 2255 1248 2326 perse-
1298 2260 1400 2329 gere,
1433 2236 1672 2334 quodcunque
1693 2235 1977 2329 reipublicae-ac
1997 2236 2106 2307 vobis
2129 2235 2269 2306 omnibus

255 2359 390 2432 quens,
422 2359 516 2430 quae
537 2351 621 2408 sunt
642 2339 792 2432 agenda.
852 2339 1014 2412 Omnino
1037 2349 1158 2410 autem
1184 2358 1247 2406 ne·
1298 2339 1385 2412 utile
1402 2341 1575 2413 loturum.

255 2463 328 2534 que
347 2438 521 2524 adimens,
543 2463 665 2538 neque
679 2443 827 2529 addens,
853 2457 997 2537 praeter
1010 2467 1123 2539 pauca
1139 2465 1249 2536 quae·
1302 2499 1507 2514 .............

255 2542 362 2628 llum,
399 2541 546 2616 licendi&
568 2543 807 2620 immunitatis
827 2547 987 2635 sublata,
1026 2548 1064 2617 ln
1095 2547 1248 2618 eundem
1336 2575 1387 2636 51)
1405 2572 1558 2640 gerendas]
1576 2571 1624 2623 Ed.
1648 2571 1720 2624 tw,
1742 2581 1838 2624 errore
1854 2573 1981 2634 typum:
2005 2565 2131 2633 gerendi.
