4548 5788
249 169 324 246 eso
508 111 512 126 ’
825 161 949 238 rnn.
982 161 1096 236 une.
1136 125 1341 236 scama
1372 155 1712 234 ennonooms.
2178 173 2223 244 111

118 329 128 338 ’
246 343 427 416 lamitates
445 338 503 412 hic
520 337 661 410 bonore
679 336 791 421 affici,
817 360 883 407 nec
901 337 981 408 licta
1001 361 1089 408 voce
1107 336 1243 406 lamen·
1295 355 1394 416 cere,
1420 343 1515 402 uttu
1530 331 1749 417 nunciatis,
1775 331 1840 426 qni
1858 331 1946 404 dicis
1969 359 2024 404 me
2046 357 2166 406 causam
2181 365 2226 414 esse

247 448 338 533 tari,
368 447 430 518 sed
453 469 539 514 vcro
562 443 687 513 dolore
710 439 906 510 excruciari
930 452 1111 510 oratorem
1137 463 1245 532 opor·
1295 429 1427 506 borum
1456 435 1641 519 omnium,
1683 447 1719 504 et
1739 459 1796 505 me
1816 460 1963 508 suasore
1983 451 2077 508 mota
2097 463 2157 511 esse
2171 437 2226 516 bart

248 565 337 622 tere.
388 549 466 618 Hoc
480 549 590 616 modo
616 567 696 614 cum
719 543 852 614 scirent
873 567 948 614 sese
972 543 1082 627 affici,
1115 555 1151 611 et
1174 565 1244 627 me,
1288 537 1460 629 negotia,
1496 563 1577 608 cum
1601 550 1724 608 tamen
1744 539 1858 610 multo
1882 552 1985 624 ante,
2021 567 2120 635 quam
2140 553 2228 635 egoal

246 679 323 724 non
348 677 431 736 vos,
463 673 529 742 ego
551 648 672 741 potius
693 646 824 716 electus
844 671 936 717 sum.
1004 646 1079 718 Nec
1101 659 1242 716 tantum
1295 640 1554 732 rempublicam
1584 640 1734 725 accessi,
1766 641 1941 712 Graeciae
1970 643 2153 714 libertatem
2174 641 2229 720 haee

246 756 374 851 populi
387 753 469 823 talis
487 750 652 822 voluntas
667 749 754 835 linit,
781 749 843 820 sed
859 749 968 819 etiam
985 761 1105 841 patres
1124 761 1160 818 et
1172 749 1244 818 sra—
1296 742 1422 814 civitas
1436 744 1626 814 defendere
1644 744 1813 836 coeperit.
1874 747 1927 816 Ac
1947 741 2228 820 sibocdecnsuibi

246 874 318 930 tres
348 859 638 937 interfectorum,
678 851 741 945 qni
773 852 819 920 ad
850 850 986 922 funeris
1020 851 1242 922 curationem
1295 845 1515 916 tribueretur
1531 871 1596 939 per
1609 871 1667 916 me
1684 848 1819 918 factum
1835 873 1929 932 esse,
1956 863 2070 920 ntvos
2086 875 2229 942 opponere·

246 961 348 1031 electi
372 962 537 1041 fuerant,
561 957 611 1026 sie
633 967 833 1026 senserunt.
894 954 1070 1048 Quicum
1093 977 1242 1024 coenam
1296 947 1341 1018 tis
1356 949 1418 1032 iis,
1448 949 1512 1044 qui
1527 948 1718 1021 Graeciam
1732 950 1770 1018 in
1783 951 1991 1022 servitutem
2005 953 2117 1022 conati
2126 967 2230 1024 suntre·

245 1064 462 1158 praeberent
484 1061 581 1152 apud
602 1057 758 1128 maxime
779 1057 1019 1128 necessarium
1040 1057 1244 1128 interfecto·
1295 1050 1436 1142 digere,
1459 1075 1590 1124 munus
1605 1052 1740 1124 daretis
1763 1049 1855 1124 mibi
1876 1054 1983 1146 longe
2006 1055 2114 1126 maius
2133 1059 2230 1130 caeteris

246 1191 349 1250 rum,
376 1165 472 1258 apud
490 1189 548 1232 me
566 1162 821 1254 praebuerunt.
873 1161 1013 1231 Genera
1035 1161 1131 1230 enim
1152 1161 1243 1232 alius
1296 1153 1485 1238 Omnibus,
1517 1179 1610 1248 quae
1635 1155 1808 1228 tribuistis
1829 1152 2012 1228 hactenus·
2070 1157 2132 1228 Sed
2143 1183 2232 1252 nequ·

245 1270 326 1340 aliis
348 1268 500 1360 propior
529 1278 627 1348 erat,
662 1265 725 1334 sed
756 1263 897 1356 publice
927 1263 1103 1336 universis
1132 1287 1242 1334 nemo
1296 1281 1405 1350 quam
1423 1251 1491 1326 hoc
1507 1257 1820 1351 demepraedico.
1872 1259 1947 1330 Vos
1964 1259 2061 1330 enim
2081 1259 2188 1330 iniuria
2204 1265 2231 1330 ai·

244 1372 398 1466 propior
413 1381 490 1442 erat
503 1392 612 1462 quam
631 1391 709 1458 ego.
770 1364 837 1436 Cui
859 1366 955 1436 enim
979 1367 1136 1437 maxime
1158 1391 1242 1459 pro.
1295 1359 1455 1445 bearem,
1482 1385 1548 1430 nec
1563 1385 1627 1433 vos
1644 1361 1902 1446 concederetis,
1927 1375 1965 1432 et
1976 1361 2054 1447 iste,
2078 1362 2107 1434 si
2118 1365 2231 1434 volunta

244 1476 368 1546 inisset
385 1474 466 1543 illos
480 1471 587 1542 luisse
603 1469 755 1540 victores
773 1481 810 1538 et
829 1470 966 1552 salvos,
1001 1469 1031 1542 is
1053 1493 1095 1540 ex
1116 1494 1241 1540 eorum
1295 1460 1371 1532 eius
1388 1463 1480 1532 iusta
1504 1476 1627 1548 esset,
1648 1486 1724 1532 non
1747 1477 1898 1558 propter
1923 1489 2043 1536 meam
2064 1466 2231 1536 inimicitiam

244 1577 414 1660 interitu,
455 1573 519 1668 qui
547 1572 684 1643 utinam
708 1597 785 1642 non
807 1572 1012 1657 accidisset,
1043 1573 1240 1643 maximum
1294 1563 1397 1636 vobis
1407 1565 1606 1637 maximum
1615 1567 1721 1638 decus
1731 1566 1950 1640 calumniose
1961 1568 2121 1660 eriperet
2141 1569 2232 1638 Sedcu

246 1682 411 1751 dolorem
431 1676 582 1768 accepim
610 1699 651 1746 ac
667 1674 777 1745 recita
793 1674 1036 1768 epigramma,
1066 1677 1166 1770 quod
1181 1699 1241 1746 eo.
1294 1661 1364 1736 hoc
1380 1665 1626 1760 reprehendo,
1659 1693 1739 1740 cnm
1755 1669 1827 1740 alia
1841 1671 2031 1742 mendacia
2045 1671 2232 1742 manifestim

244 1807 328 1854 rum
341 1792 579 1852 monumento
596 1777 809 1872 inscriptum
827 1791 899 1862 est,
924 1777 1115 1872 utexipso
1132 1802 1258 1869 agno·¹
1294 1769 1448 1842 dixerit?
1491 1769 2232 1866 01111111011111111111111ἱ11111111111011111

244 1911 320 1959 scas
335 1899 370 1956 te
388 1885 570 1977 ingratum
586 1895 621 1952 et
637 1882 937 1952 calumniatorem
953 1902 1040 1956 esse.
1077 1881 1216 1953 Recita.
1294 1873 1375 1944 talis
1391 1874 1480 1969 quid
1494 1875 1610 1946 dicere
1624 1899 1700 1946 non
1716 1875 1834 1948 ausit?
1882 1875 1936 1948 Ac
1951 1878 1985 1948 si
1999 1877 2079 1971 quis
2097 1877 2175 1947 volet
2189 1875 2232 1946 sine

1293 1977 1492 2049 mendaciis
1503 1977 1623 2052 etsiue
1633 1977 1817 2050 odiisvere
1826 1979 2069 2064 considerare,
2084 1979 2139 2074 qui
2150 1979 2232 2070 reipsa

571 2117 638 2200 Ep
653 2117 701 2202 ⁸¹9
717 2135 772 2182 ra
787 2135 822 2181 m
836 2134 871 2180 m
883 2134 917 2181 a·
1293 2079 1368 2152 sint
1392 2093 1536 2152 autores
1560 2076 1691 2152 harum
1714 2081 1981 2167 calamitatum,
2013 2083 2159 2152 inveniet
2168 2078 2232 2152 huin

1293 2181 1427 2254 similes
1449 2184 1489 2252 in
1513 2183 1662 2275 singulis
1677 2185 1827 2256 urbibus
1840 2185 1948 2258 luisse
1966 2209 2044 2257 non
2059 2187 2126 2256 mei
2139 2183 2232 2264 simle,
2254 2271 2255 2278 ἵ

244 2277 340 2346 Haec
362 2277 576 2340 monumenta
598 2276 715 2356 tegunt
738 2269 844 2349 ciues,
878 2271 937 2360 pai
955 2265 1094 2356 fortiter
1116 2296 1216 2346 arma
1294 2285 1376 2380 qui,
1403 2311 1515 2380 quum
1531 2310 1587 2358 res
1603 2283 1766 2380 Philippi
1781 2285 1898 2359 adhuc
1914 2288 2063 2382 exiguae
2079 2289 2232 2358 etinfirmn

297 2379 367 2444 ΡΝ
389 2373 518 2459 Mittit
539 2372 634 2452 “lits
666 2392 792 2490 11101148
813 2369 920 2492 iulet?
936 2368 1034 2458 foeta.
1294 2400 1411 2460 essent
1420 2413 1525 2482 saepe
1536 2390 1936 2484 nobispraedicentibus
1951 2404 1988 2462 et
1996 2391 2233 2485 optimamonec·

244 2483 319 2550 Nec
340 2497 467 2546 cessere
488 2482 595 2554 1110111,
630 2495 691 2593 nee
713 2479 819 2540 vatam
840 2481 1155 2561 emensurarent,
1293 2489 1408 2576 tibus,
1433 2492 1640 2584 turpissima
1660 2493 1824 2586 corrupti
1841 2495 2006 2564 mercede
2023 2494 2181 2586 publicam
2196 2489 2234 2560 111

299 2583 382 2652 Gum
401 2575 729 2696 Wrisstnsstffliit‘m
748 2585 884 2660 stetim
903 2573 975 2662 fida
991 2573 1122 2664 smmi,
1293 2593 1432 2664 litatem
1447 2595 1697 2686 proiecerunt,
1722 2597 1796 2668 suis
1812 2596 1969 2682 civibus,
1997 2621 2088 2694 quos
2108 2591 2234 2666 habebnt

246 2688 292 2754 Ei
313 2703 428 2750 taevw
452 2686 643 2798 repriment
665 2676 792 2797 httlf'ts
826 2701 888 2746 ”0⁰
906 2700 1012 2766 '⁶97³ss
1034 2683 1178 2769 'ulteria
1293 2695 1495 2782 adiunctos,
1515 2698 1683 2790 deceptis,
1709 2701 1823 2770 donee
1836 2700 2010 2772 servitute
2024 2699 2168 2791 oppressi
2178 2707 2234 2774 sunt

298 2787 475 2852 EWW
492 2789 608 2902 mii?
628 2781 774 2901 &aim
792 2803 891 2849 '‘W‘'
908 2777 1013 2868 ferai·
1037 2885 1046 2902 ι
1294 2801 1391 2891 apud
1406 2795 1599 2873 Thessalos
1615 2797 1805 2887 Daochns,
1833 2802 1930 2896 apud
1947 2803 2040 2874 alios
2056 2803 2130 2886 alii,
2151 2799 2235 2870 acdie
2253 2853 2254 2866 ,

245 2889 316 2976 Si'd
337 2893 514 2978 wilm
536 2891 617 3004 ”sm
637 2884 718 2951 ‘im
736 2904 812 2952 *οἵ*
835 2905 957 2972 ‘wilm‘
974 2879 1057 3003 falb
1293 2928 1350 2972 me
1366 2904 1532 2974 deiiceret
1557 2905 1769 2976 recitantem
1783 2905 1934 2974 nomina
1951 2907 2178 2998 proditorum.
2209 2897 2254 2972 llil

295 2993 452 3110 illm?
469 2995 606 3076 '’airu'‘
629 3009 720 3056 ”W
741 2994 831 3054 'W‘
853 3007 1061 3056 0131111Μῶ
1295 3029 1419 3078 omnes
1445 3007 1567 3095 simili„
1588 3008 1773 3079 voluntate
1806 3006 1847 3076 in
1877 3008 1952 3080 suis
1980 3009 2106 3102 patriis
2128 3009 2175 3076 ine
2222 3013 2235 3080 1

244 3093 323 3161 ΝΜ
339 3087 443 3210 111111»
478 3097 615 3157 ‘wilm
635 3097 669 3157 ‘i
689 3110 821 3210 {miltes
841 3088 965 3157 '‘⁰³0''ss
984 3087 1157 3170 'mmm’
1293 3109 1394 3202 quali
1418 3109 1515 3202 apud
1538 3134 1603 3181 vos
1623 3110 1682 3184 isti
1701 3106 1868 3182 homines
1886 3111 2019 3182 nefarii
2045 3121 2235 3184 assentatores

285 3195 446 3262 Dromos
466 3200 602 3312 tantum
623 3199 727 3310 sones
750 3193 787 3259 ad
809 3193 1001 3311 0110301110.
1293 3225 1410 3304 pestes
1425 3225 1461 3282 et
1476 3235 1658 3284 eversores
1670 3238 1755 3286 suae
1773 3212 1924 3309 ψῃ,
1938 3213 2090 3308 pausae,
2106 3212 2160 3308 qui
2171 3209 2235 3278 fiber.

244 3295 477 3395 111111111101131
500 3299 610 3360 ”tim
632 3292 803 3412 immun}
826 3301 995 3380 ”mettim
1015 3290 1140 3380 falum»
1294 3326 1405 3384 tatem
1428 3315 1672 3407 propinarunt
1693 3312 2004 3409 anteaPhilippo,
2030 3313 2235 3389 nuncblenn

296 3395 432 3466 Muii'u'
454 3393 669 3515 &niumm
691 3395 859 3514 millibuff
878 3415 978 3464 “W
1000 3398 1099 3464 imi·
1294 3419 1382 3501 dro,
1406 3417 1471 3510 qui
1487 3430 1612 3488 ventre
1628 3432 1665 3489 et
1678 3419 1893 3514 turpissimis
1912 3419 2149 3513 voluptatibus
2165 3412 2235 3484 beati

244 3500 415 3568 Fortunae
434 3495 563 3564 eresbur
584 3507 711 3566 natura
732 3496 881 3566 olavam
903 3505 1020 3566 1103100
1039 3504 1101 3577 est,
1294 3518 1456 3590 tudinem
1471 3520 1692 3608 metiuntur,
1718 3536 1755 3594 ep
1770 3523 1994 3608 libertatem,
2029 3547 2118 3618 quae
2137 3512 2235 3588 maios,

296 3603 370 3670 N⁰⁶
390 3602 499 3668 ”itare
518 3599 670 3668 'mmm'
692 3602 810 3670 '‘ridi“
827 3595 905 3686 ΜΒ
928 3609 1063 3693 imm·
1293 3623 1360 3694 bus
1374 3623 1507 3694 nostris
1521 3623 1602 3696 finis
1615 3624 1685 3696 suit
1700 3638 1736 3696 et
1749 3627 1931 3698 bonorum
1949 3628 2093 3718 regula,
2111 3627 2235 3696 everunt

347 3731 460 3804 Audis
474 3725 650 3802 Aeschine
667 3729 705 3799 in
723 3726 791 3800 bae
813 3729 890 3822 ipsa
910 3729 1144 3824 inscriptione
1166 3755 1243 3802 non
1294 3724 1409 3796 Huius
1424 3725 1651 3818 turpissimae
1668 3741 1704 3798 et
1717 3730 1882 3801 omnium
1897 3730 2121 3802 sermonibus
2134 3727 2234 3796 danna·

244 3835 357 3907 tribui
387 3848 555 3904 eventum
587 3833 743 3917 oratori,
785 3835 847 3904 sed
870 3831 974 3904 Deo?
1033 3834 1106 3906 Cur
1133 3835 1243 3926 igitur
1294 3841 1351 3898 tae
1366 3829 1552 3914 factionis,
1578 3831 1749 3922 perfidiae
1767 3845 1803 3902 et
1818 3833 2054 3926 proditionis,
2078 3832 2106 3903 si
2116 3829 2179 3902 sine
2190 3819 2234 3892 1111

244 3965 326 4010 eum
343 3933 434 4008 mihi
449 3937 657 4028 exprobras,
670 3930 782 4005 homo
799 3938 1007 4020 execranda,
1035 3949 1070 4007 et
1086 3937 1173 4008 dicis
1188 3961 1243 4022 ea,
1293 3930 1513 4004 lucinatione
1536 3933 1728 4006 dicendum
1753 3948 1827 4020 cst,
1862 3936 2029 4008 nonfuit
2050 3933 2234 4008 300111111η

244 4041 400 4137 quaein
427 4053 531 4112 tuum
555 4051 591 4108 et
610 4051 757 4109 tuorum
780 4038 898 4130 capita
913 4036 1011 4110 Deus
1031 4040 1243 4110 convertat?
1295 4034 1419 4108 civitas
1433 4049 1583 4129 propter
1597 4061 1676 4108 mea
1693 4039 1861 4124 consilia,
1888 4052 1924 4109 et
1938 4041 2038 4131 apud
2060 4061 2118 4108 vos
2137 4025 2233 4127 ipseth
2252 4093 2253 4098 ,

244 4146 337 4218 Cum
356 4157 477 4214 antem
495 4155 531 4212 et
556 4141 627 4212 alia
648 4143 763 4212 multa
786 4137 877 4212 mihi
898 4140 1051 4210 crimina
1073 4142 1244 4214 obiecerit
1294 4132 1362 4208 hac
1376 4138 1531 4208 factione
1546 4139 1684 4212 alienus
1699 4139 1763 4212 tui.
1823 4141 1921 4212 Haec
1942 4167 2028 4212 cum
2049 4143 2095 4212 ita
2119 4140 2190 4218 sint,
2212 4125 2253 4218 ili

152 4325 155 4330 Δ
243 4248 472 4342 impudenter
485 4245 684 4329 mentiens,
717 4241 788 4314 boc
803 4243 957 4315 maxime
977 4243 1127 4316 miratus
1150 4271 1243 4333 sum,
1294 4265 1352 4310 me
1365 4242 1585 4334 interrogas,
1612 4267 1703 4338 quae
1720 4244 1834 4316 virtus
1847 4267 1929 4316 mea
1944 4239 2083 4317 honore
2096 4242 2184 4334 digna
2193 4224 2232 4302 11ῑῖ

244 4354 343 4445 qnod
357 4351 395 4419 in
414 4349 624 4420 narratione
637 4348 748 4420 cladis
767 4347 926 4441 patriae,
950 4371 996 4417 ne
1014 4346 1243 4440 significatio-
1294 4343 1510 4437 Respondeo
1526 4345 1652 4437 igitur:
1679 4346 1803 4441 Quum
1818 4349 2074 4440 gubernatores
2087 4345 2123 4414 in
2135 4330 2232 4414 Graecis

243 4477 329 4523 nem
360 4454 506 4549 quidem
533 4452 702 4548 benevoli
731 4464 768 4521 et
794 4450 880 4524 iusti
902 4451 988 4522 civis
1011 4451 1167 4522 ostendit
1185 4454 1243 4524 vel
1295 4447 1498 4520 civitatibus
1512 4451 1674 4541 corrupti
1688 4464 1806 4522 essent
1826 4475 1989 4524 omnesa
2009 4465 2044 4522 te
2066 4447 2186 4520 initium
2200 4457 2232 4508 11

243 4555 413 4650 lacrymis
427 4557 484 4626 vel
508 4556 661 4648 gemitu,
695 4555 759 4628 sed
777 4555 923 4626 sublimi
946 4579 1033 4624 voce
1056 4555 1183 4628 alacris
1208 4569 1244 4628 et
1294 4563 1445 4636 mentes,
1469 4575 1607 4623 menes
1622 4565 1775 4648 tempus,
1796 4577 1861 4624 nec
1875 4551 2176 4649 blandiloquum,
2194 4557 2231 4608 ¹¹⁰⁶

243 4659 381 4742 laetus,
406 4660 583 4745 iubilans,
612 4682 693 4729 cum
719 4657 866 4753 quidem
889 4670 1034 4752 putaret
1055 4681 1092 4728 se
1116 4672 1241 4735 contra
1293 4654 1576 4747 promissionum
1599 4658 1831 4749 magnitudo,
1862 4682 1930 4730 nec
1950 4683 2048 4750 spes,
2071 4677 2130 4726 nec
2148 4653 2231 4720 menn

243 4786 303 4832 me
334 4759 470 4846 dicere,
511 4787 547 4833 se
575 4763 695 4856 ipsum
721 4761 891 4855 patefecit
916 4762 1106 4834 ostendens
1136 4787 1173 4834 se
1204 4762 1244 4832 in
1293 4781 1361 4827 nec
1391 4758 1526 4850 gratia,
1567 4783 1684 4854 neque
1711 4761 1905 4857 quicquam
1926 4762 2025 4833 alind
2053 4753 2182 4832 influit,
2208 4749 2230 4858 Pi

246 4863 448 4936 calamitate
480 4866 621 4958 patriae
652 4889 729 4936 non
763 4865 858 4936 allici
887 4864 1074 4938 communi
1105 4865 1243 4939 dolore.
1295 4862 1443 4934 consilia
1460 4861 1552 4934 iusta
1568 4877 1604 4934 et
1617 4863 1719 4934 utilia
1737 4863 1876 4957 patriae
1891 4864 2088 4938 abiicerem.
2138 4854 2229 4930 Netffl

244 4967 418 5063 Quisquis
452 4980 572 5039 autem
607 4969 695 5039 dicit
722 4993 759 5040 se
787 4970 883 5062 leges
916 4981 952 5038 et
982 4969 1242 5060 rempublicam
1295 4966 1471 5064 consiliis,
1497 4979 1538 5038 ut
1553 4967 1632 5054 isti,
1665 4967 1837 5038 inclinavi
1855 4993 1914 5039 me
1937 4969 1981 5038 ad
2002 4967 2147 5042 lucrum,
2171 4951 2228 5056 ⁵50¹}

241 5073 360 5157 tueri,
392 5084 434 5143 ut
449 5071 514 5144 iste
531 5095 628 5142 nunc
645 5071 804 5158 iactitat,
837 5073 869 5144 si
890 5067 982 5142 nibil
1003 5071 1121 5157 aliud,
1147 5068 1244 5144 bunc
1294 5069 1431 5140 trutina
1452 5073 1654 5163 propendet
1678 5072 1725 5142 ad
1745 5071 1886 5142 lancem
1907 5083 2104 5146 oneratam
2131 5058 2177 5132 sed
2194 5067 2227 5135 ‘l'
2251 5061 2252 5092 l

242 5188 339 5246 certe
356 5175 518 5246 animum
533 5170 666 5244 habere
681 5175 806 5260 debet,
839 5175 966 5246 iisdem
984 5175 1090 5246 rebus
1113 5187 1156 5246 ut
1178 5176 1242 5246 do-
1295 5173 1419 5244 omnia
1450 5187 1568 5260 recto,
1607 5175 1701 5246 iusto
1731 5187 1767 5245 et
1799 5174 2009 5269 incorrupto
2039 5173 2153 5242 animo·
2199 5145 2227 5218 Et

241 5277 317 5346 leat
331 5290 367 5347 et
380 5278 552 5360 laetetur,
578 5275 708 5372 quibus
726 5276 850 5346 dolent
865 5291 901 5347 et
912 5277 1094 5348 laetantur
1111 5279 1244 5348 caeteri
1295 5301 1406 5370 quum
1423 5279 1477 5346 rei
1493 5277 1656 5349 omnium
1674 5277 1852 5350 maximae
1867 5276 2094 5372 praebuerim,
2122 5251 2226 5364 quaein

239 5375 359 5461 cives,
384 5403 451 5449 nec
465 5389 651 5472 praetextu
674 5377 890 5472 reipublicae
912 5403 981 5472 pro
1002 5375 1166 5452 hostibus
1189 5381 1243 5454 di·
1294 5374 1389 5450 hanc
1417 5393 1571 5451 aetatem
1601 5380 1825 5469 inciderunt,
1866 5379 2096 5476 integritatem
2116 5380 2144 5440 ct
2159 5363 2225 5430 insu·
