4582 5798
238 187 339 270 1ots
823 177 949 255 rnna
982 175 1098 254 m
1128 176 1335 254 souma
1370 179 1711 266 mutuetur.
1759 191 1764 204 ’
1818 236 1825 252 ·
1878 188 1888 217 '
2157 197 2214 272 llll

243 385 353 462 qnam
379 355 476 430 enim
498 357 619 428 maior
638 377 774 428 merces
799 353 1022 438 omnuim,
1051 363 1177 424 tamen
1200 351 1238 422 id
1392 353 1500 431 Nunc
1521 373 1642 432 autern
1663 361 1804 454 legatos
1831 361 2067 447 dimittamus,
2100 365 2165 436 dato
2183 393 2217 438 rs

244 464 365 564 exigui
383 462 558 556 temporis
581 472 644 532 est.
1289 479 1435 549 sponso.
1486 463 1757 556 Megarensibus
1781 488 1858 536 uon
1882 465 2118 538 interdicemus
2133 483 2214 540 nostm

269 613 273 624 ·
346 575 399 646 Ac
420 573 509 646 tales
527 563 673 668 quidem
694 575 778 640 sunt
797 557 1239 660 resPeloponnesiomma
1289 559 1371 630 foro
1393 575 1430 634 et
1450 567 1638 658 portibus,
1673 567 1711 640 si
1733 566 2008 640 Lacedaemonii
2035 592 2101 640 non
2117 571 2216 642 etiaim

244 689 390 752 nostrae
405 688 523 748 autem
539 674 590 746 sic
604 667 804 746 sehabcut.
855 665 997 742 Absunt
1018 664 1108 738 haee
1125 663 1240 762 impe·
1290 657 1449 757 hospites
1468 692 1554 755 nos,
1580 683 1617 740 et
1637 681 1781 744 nostros
1801 673 1930 744 socios.
1985 671 2140 746 Neutrum
2157 676 2216 744 suin

247 784 427 864 dimota,
456 772 550 876 quae
569 778 608 847 in
632 775 719 870 ipsis
741 771 1058 869 reprehendimus,
1082 765 1240 842 ethabe·
1292 765 1487 864 prohibent
1499 773 1661 848 foedera.
1708 773 1826 848 Urbes
1842 787 1964 847 autem
1976 776 2076 848 nobis
2090 777 2216 848 adimms

246 909 328 958 mus
343 883 414 952 alia
433 904 563 972 magna
580 881 784 964 commoda,
810 903 903 974 quae
919 875 988 969 ipsi
1003 897 1079 946 non
1093 868 1242 946 liabent.
1292 876 1450 950 sinemus
1471 878 1526 948 uti
1550 879 1623 950 suis
1645 879 1783 972 legibus
1795 877 1864 975 ⁸),
1891 902 1984 976 qnae
2005 879 2042 950 iu
2059 881 2216 950 foedarem

247 991 287 1064 Si
302 1001 399 1058 terra
426 985 558 1056 ducent
582 981 775 1054 exercitum
793 982 831 1050 iu
845 980 1023 1065 Atticam,
1044 1001 1112 1048 nos
1131 977 1241 1050 classe
1292 979 1459 1051 minatim
1481 977 1552 1052 hoc
1572 994 1839 1076 expresserunt,
1865 995 1908 1054 ut
1930 983 2034 1054 liceat
2051 981 2098 1054 uti
2115 985 2217 1076 propris

152 1081 158 1096 ⁸
247 1095 295 1166 ad
322 1091 483 1184 ipsorum
507 1088 630 1157 littora
662 1086 881 1156 accedemus.
947 1081 994 1152 Et
1019 1103 1251 1176 quamquam¹
1293 1083 1452 1176 legibus,
1478 1084 1587 1180 idque
1611 1099 1698 1157 tunc
1718 1085 1910 1171 iaciemus,
1943 1111 2023 1158 cam
2045 1083 2220 1156 Lacedaemo

246 1198 384 1268 iactura
411 1191 529 1262 maior
563 1203 616 1260 est
647 1187 686 1256 iu
709 1187 819 1259 totius
842 1185 982 1259 Atticae
1004 1183 1241 1279 populatione
1293 1187 1346 1256 nii
1370 1187 1468 1258 idem
1495 1187 1693 1260 concedent
1714 1187 1783 1260 sibi
1809 1187 2004 1274 adiunctis,
2035 1213 2078 1258 ne
2101 1187 2220 1258 Lacedae

247 1323 358 1398 quam
380 1293 494 1389 partis
513 1289 770 1385 Peloponnesi:
805 1302 927 1360 tamen
941 1289 994 1358 illi
1008 1285 1084 1359 siue
1101 1285 1242 1380 proelio
1294 1291 1503 1362 modiorum
1522 1292 1673 1363 arbitrio
1688 1292 1934 1390 regantur-¹⁸),
1958 1295 2023 1364 sed
2034 1291 2222 1386 utipsislibet

248 1403 358 1476 aliam
378 1412 514 1470 terram
541 1417 714 1491 quaerere
736 1417 814 1464 non
836 1405 1007 1486 possunt,
1039 1390 1145 1460 nobis
1171 1389 1242 1460 alia
1294 1393 1492 1466 Offerimus
1506 1393 1614 1466 etiam
1631 1419 1700 1467 nos
1716 1399 1762 1464 ad
1780 1394 1925 1482 iudicia,
1942 1395 2039 1468 iuxta
2055 1395 2222 1468 foederabel

247 1510 329 1580 loca
348 1513 473 1598 patent
486 1501 525 1568 in
539 1495 664 1570 insulis
677 1510 712 1566 et
725 1497 943 1567 continente.
995 1492 1169 1586 Magnum
1191 1505 1244 1564 est
1294 1499 1369 1570 lom
1387 1521 1464 1568 uon
1477 1497 1692 1583 inferemus,
1717 1501 1778 1570 sed
1796 1495 1935 1572 illa'tum
1949 1501 2157 1594 depellemus

250 1610 348 1684 anim
364 1603 476 1700 potiri
490 1601 596 1672 mari.
643 1599 876 1671 Considerate
894 1597 1011 1681 enim,
1037 1596 1068 1669 si
1086 1595 1243 1670 insulani
1383 1599 1481 1673 Haec
1498 1601 1686 1695 responsio
1702 1601 1794 1674 iusta
1810 1615 1874 1689 est,
1889 1615 1926 1674 ct
1940 1599 2224 1691 conveniendigul

252 1733 429 1793 essemus,
453 1703 747 1799 inexpugnabiles
759 1726 925 1776 essemus.
1295 1702 1366 1775 tati·
1383 1705 1482 1776 urbis
1504 1717 1656 1777 vestrae.
1722 1703 1861 1777 luteres
1888 1702 1957 1778 hoc
1985 1709 2141 1792 selamin,
2167 1717 2225 1774 uno

352 1812 410 1884 Ad
431 1806 525 1880 hanc
546 1808 726 1878 rationem
751 1805 894 1898 dirigite
919 1802 1173 1896 cogitationes,
1208 1813 1244 1872 et
1294 1807 1428 1879 bellum
1448 1810 1609 1880 futurum
1631 1807 1726 1892 esse,
1752 1809 1848 1903 quod
1872 1809 1903 1880 si
1925 1813 2131 1904 excipiemus
2144 1807 2226 1878 amnis

252 1939 358 2012 agros
379 1927 416 1984 et
439 1913 545 1984 villas
567 1933 635 2002 pro
658 1909 835 1982 derelictis
855 1903 995 1978 habete.
1047 1903 1118 1977 sed
1133 1905 1244 1974 maris
1295 1910 1518 1996 volentibus,
1556 1911 1680 1982 minus
1710 1911 1895 1984 audebunt
1913 1937 2060 1986 movere
2081 1910 2227 1983 adversarii.

252 2017 400 2094 sturbis
415 2013 612 2086 custodiam
628 2025 832 2098 teneamus,
858 2031 924 2082 uec
942 2007 1245 2081 dimicemmaeie
1296 2011 1503 2106 Cogitemus
1530 2025 1565 2084 et
1582 2009 1668 2084 hoc:
1691 2037 1734 2084 er
1756 2015 1923 2088 maximis
1941 2017 2104 2111 periculis
2123 2017 2228 2086 miset

181 2157 185 2164 ⁴
254 2149 336 2196 cum
368 2115 642 2211 Peloponnesiis
675 2114 776 2187 iratis
816 2126 967 2209 propter
1006 2111 1242 2183 vastationem
1296 2119 1459 2211 privatos
1472 2112 1639 2188 homines
1653 2115 1803 2210 adipisci
1818 2143 1987 2211 maguam
2006 2119 2159 2214 gloriam,
2177 2117 2228 2187 situ

253 2241 442 2320 agrorum,
481 2219 547 2314 qui
583 2218 814 2290 multitudine
855 2215 1084 2288 antecellunt·
1150 2214 1244 2288 Nam
1297 2235 1333 2292 et
1353 2220 1508 2291 maiores
1529 2219 1796 2292 nostriMedos
1820 2223 2084 2310 sustinuerunt,
2121 2217 2229 2316 quiqui
2258 2247 2259 2280 ³

253 2325 394 2403 etiamsi
421 2322 665 2405 vinceremus,
707 2344 831 2394 rursus
863 2320 1107 2391 dimicandum
1141 2330 1244 2402 esset,
1297 2327 1379 2394 dem
1402 2325 1565 2394 noudum
1591 2322 1758 2395 instructi
1778 2337 1877 2395 tanta
1900 2328 2080 2419 potentia,
2099 2327 2229 2394 immore-

253 2446 289 2506 et
301 2433 334 2504 si
346 2430 589 2510 vinceremur,
612 2422 700 2496 socii
721 2425 924 2495 deficerent.
975 2424 1033 2495 Ad
1058 2419 1124 2495 hos
1147 2421 1243 2491 enim
1296 2427 1389 2499 lictis
1403 2427 1509 2498 rebus
1525 2425 1749 2510 domesticis,
1773 2451 1815 2497 ac
1832 2429 1912 2521 plus
1925 2431 2076 2503 consilio
2090 2427 2230 2524 quamtus

254 2534 423 2607 accedent
443 2527 718 2622 Peloponnesii,
762 2527 793 2598 si
815 2526 973 2598 viderint
991 2547 1063 2598 'nos
1085 2520 1246 2594 imbecil·
1297 2544 1384 2602 urna
1400 2529 1636 2611 confidentes,
1671 2542 1707 2599 et
1727 2529 1841 2621 magis
1864 2533 2015 2604 audacia
2031 2555 2130 2629 quam
2143 2529 2227 2598 virilu

253 2639 362 2710 liores
387 2656 473 2705 esse.
539 2631 614 2702 Nec
638 2648 808 2722 agrorum
836 2643 872 2700 et
894 2629 1061 2700 villarum
1088 2627 1246 2711 amissio,
1298 2632 1529 2716 dimicantes,
1563 2631 1737 2704 barbaros
1763 2651 2031 2726 represserunt,
2064 2649 2096 2706 et
2116 2627 2231 2725 rcipulli

255 2743 318 2814 aed
341 2735 533 2808 hominum
552 2733 775 2826 deploranda
797 2746 861 2804 est.
911 2732 996 2805 Non
1022 2731 1118 2802 enim
1141 2753 1248 2824 prae·
1299 2760 1360 2808 eae
1383 2731 1455 2806 hoc
1476 2735 1667 2828 lmperium
1692 2751 1931 2829 pepererunt,
1974 2742 2072 2835 quod
2097 2761 2161 2807 uon
2179 2731 2230 2802 alii

254 2842 313 2917 dia
330 2841 520 2938 potiuntur
534 2836 640 2922 viris,
666 2837 727 2908 sed
743 2835 812 2906 viri
828 2835 997 2929 praediis.
1049 2833 1097 2905 Et
1118 2835 1150 2906 si
1175 2831 1249 2904 cxi-
1299 2840 1465 2910 cieudum
1483 2851 1555 2922 est,
1581 2840 1643 2909 sed
1659 2833 1780 2912 hostes
1794 2840 2019 2934 reprimendi
2032 2853 2109 2916 suut
2121 2837 2232 2910 omnibu

255 2949 439 3022 stimarem
452 2966 518 3012 vos
532 2939 741 3039 persuaderi
758 2964 875 3032 posse,
897 2939 1057 3009 iuberem
1071 2961 1135 3008 vos
1151 2936 1247 3029 ipsos
1299 2940 1457 3026 viribus,
1485 2955 1522 3012 et
1544 2943 1749 3012 conandum
1770 2956 1844 3029 est,
1869 2967 1915 3015 ue
1930 2948 2084 3038 posteris
2099 2935 2234 3034 rempubl·

256 3049 398 3144 egredi,
424 3059 460 3116 et
482 3058 619 3116 vestras
639 3043 741 3116 villas
763 3043 976 3127 incendere,
1003 3055 1038 3112 ct
1060 3041 1249 3113 ostendere
1301 3069 1378 3116 eam
1394 3045 1843 3118 infimioremaradamus,

255 3147 529 3243 Peloponnesiis
543 3171 608 3218 vos
624 3169 700 3216 uon
717 3159 924 3240 accepturos
946 3169 1021 3217 esse
1041 3144 1249 3217 servitutem
1414 3147 1512 3218 llaec
1528 3171 1608 3218 cum
1626 3148 1782 3221 Pericles
1798 3150 1962 3237 dixisset,
1986 3148 2191 3224 Athenienses
2200 3143 2233 3210 le

257 3269 357 3327 metu
371 3252 473 3323 istius
488 3249 623 3319 damni.
1301 3251 1438 3320 cretum
1460 3253 1622 3322 fecerunt
1645 3252 1743 3324 iuxta
1778 3253 1890 3346 ipsius
1918 3256 2144 3336 sententian,
2174 3245 2232 3322 last,

360 3355 485 3424 Habeo
502 3363 538 3422 et
553 3347 623 3420 alia
642 3349 775 3432 multa,
802 3371 894 3442 quae
910 3371 1009 3440 spem
1024 3345 1116 3418 mihi
1138 3348 1251 3416 victo·
1302 3377 1395 3447 quae
1410 3354 1521 3446 petita
1537 3367 1661 3438 erant,
1687 3380 1724 3426 se
1739 3377 1813 3426 nou
1829 3358 1988 3430 facturos
2006 3384 2098 3444 esse,
2119 3354 2184 3450 quia
2195 3345 2231 3419 oli

256 3461 333 3533 riae
345 3457 501 3540 iaciunt,
527 3453 559 3527 si
575 3453 694 3524 maior
709 3452 778 3522 erit
793 3475 877 3522 cura
900 3451 1117 3524 defensionis
1140 3473 1248 3544 quam
1302 3457 1349 3525 ab
1370 3456 1441 3527 illis
1454 3456 1637 3550 'imperari
1656 3459 1815 3544 nollem,
1847 3462 1911 3531 sed
1933 3461 1972 3532 in
1997 3461 2123 3534 iudicio
2141 3447 2232 3548 aequali

257 3561 441 3660 potentiae
457 3553 714 3655 acquirendae,
741 3559 839 3651 quod
852 3580 934 3625 cum
947 3557 1007 3641 fit,
1032 3555 1171 3625 maiora
1189 3577 1251 3647 pe·
1302 3583 1339 3630 se
1358 3562 1404 3629 ad
1422 3559 1561 3630 oblecta
1579 3581 1816 3654 responsuros
1832 3585 1918 3636 esse.

256 3668 371 3739 ricula
386 3665 482 3736 ultro
497 3657 740 3732 attrahuntur.
793 3655 908 3750 Magis
925 3659 1022 3730 euim
1042 3671 1163 3729 metuo
1186 3658 1251 3728 do·

257 3770 554 3848 masticantem,
577 3758 1036 3858 quamhostiumcousilia.
1071 3762 1142 3832 Sed
1158 3783 1251 3854 quae
1882 3814 1886 3823 .

257 3873 363 3944 nobis
380 3863 537 3940 carenda
555 3865 692 3936 suntin
707 3865 824 3949 bello,
850 3889 916 3938 suo
939 3879 1102 3956 tempore
1126 3886 1251 3931 moue·
1336 3875 1389 3938 st)
1404 3875 1530 3930 stum·
1546 3879 1588 3932 att
1603 3879 1666 3932 asts
1682 3881 1809 3944 κκιιιι]
1828 3883 1874 3934 etc
1900 3885 1979 3934 mats
1994 3884 2048 3938 re
2063 3882 2131 3935 assa
2145 3880 2167 3930 u
2179 3871 2231 3928 orl

258 3977 397 4059 bimus,
423 3995 503 4041 cum
528 3993 590 4054 ea,
617 3992 711 4065 quae
726 3961 897 4060 agentur,
924 3965 1250 4061 praemonitionem
1371 3947 1525 4070 ᾖξ’ὲξιῇ
1542 3947 1866 4090 'ffffiutff-naemagpg
1884 3945 2054 4074 ffflfm'l
2082 3955 2109 4004 Μ
2132 3952 2179 4014 Ιιι*
2196 3955 2232 3996 ⁰¹*

258 4075 500 4173 Pffllulflbanl·
1336 4101 1389 4162 14)
1401 4105 1554 4168 regentur]
1572 4105 1621 4158 Ed.
1635 4105 1711 4161 lm.
1733 4119 1832 4160 errore
1849 4111 1979 4174 cynges
1997 4109 2040 4162 rei
2057 4111 2152 4176 putor.

1153 4347 1422 4365 *qu-*-

465 4619 468 4627 -
554 4575 913 4655 onacrouus
952 4579 1034 4656 ux
1070 4519 1272 4656 muno
1301 4519 1581 4702 suouupo
1621 4579 1998 4662 ruucrunus

481 4715 771 4780 CONVERSAE
798 4713 848 4774 ΙΝ
874 4715 1095 4778 LATINUM
1120 4710 1444 4778 SERMONEM
1466 4713 1696 4776 PfltLtPPO
1723 4715 2072 4784 ΜΕῘιΔΝΊἪΟΝΕ.

488 4903 652 4974 Oratio
678 4899 1023 4998 Archidami”).
1267 4915 1404 4986 ⁴suut,
1436 4927 1510 4974 non
1545 4917 1628 4974 sunt
1662 4904 1821 4996 imperiti
1853 4905 2042 4978 bellorum.
2095 4905 2228 4992 Nunquam

361 5037 442 5111 Viri
455 5037 712 5133 Peloponnesii
729 5039 900 5134 sociique.
945 5037 992 5109 Et
1006 5039 1121 5111 nostri
1139 5041 1251 5107 maio-
1302 5015 1422 5074 lamen
1448 5033 1528 5078 cum
1556 5020 1657 5076 ²³¹¹¹l⁰
1673 5023 1850 5100 aPParatu
1865 5010 2057 5129 exivimus,
2080 5010 2227 5086 ricuinus

250 5143 315 5217 'res
347 5148 508 5216 fecerunt
528 5138 669 5212 ¹multas
701 5139 944 5236 expeditiones
971 5143 1063 5211 iutra
1092 5155 1126 5211 et
1153 5155 1248 5211 extra
1300 5107 1370 5181 sed
1391 5112 1680 5191 ²⁰³⁰·3dvef⁵⁰⁵
1701 5113 1826 5185 ”rbem
1847 5115 2226 5206 Pfflffi‘lll‘lll'l’otentlsst

257 5247 571 5341 Peloponnesum,
608 5238 650 5330 el¹
675 5243 770 5312 inter
805 5271 870 5314 nos
897 5247 968 5330 illi,
1003 5247 1065 5342 qui
1086 5244 1249 5316 'seniores
1295 5231 1417 5330 ’Μ’
1459 5227 1494 5283 el
1516 5214 1759 5334 ”Plfftelllmlss
1784 5215 2093 5338 lellqlllffim‘ss
2118 5207 2224 5318 mulli*

510 5352 530 5364 ¹·
683 5338 687 5349 ·
945 5339 949 5346 ·
1200 5344 1204 5357 ·
1299 5317 1400 5402 dine,
1434 5329 1469 5386 et
1494 5341 1738 5408 opinionerei
1762 5322 1939 5394 militaris.
1989 5317 2226 5392 lustumestm

303 5443 306 5445 ·
365 5447 486 5510 eineys.
498 5427 623 5512 11,r¹.'
760 5465 770 5478 -
1220 5437 1223 5451 ·
1266 5430 1378 5502 'tum
1404 5443 1470 5490 nos
1486 5445 1560 5490 nou
1576 5421 1690 5491 videri
1712 5436 1774 5491 am
1790 5425 1984 5494 deteriores
2004 5418 2225 5492 maiorisue

262 5391 466 5403 -t—-n-n-—n
