4582 5798
22 203 120 281 1029
282 195 389 275 xuu
412 273 418 288 ,
438 187 839 273 INTERPRE'rAtto
864 159 1162 268 omrtortoir
1188 193 1251 266 ox
1277 195 1572 270 ruocroms
1597 195 1794 274 curor
1961 196 2062 274 1oso

17 373 433 447 libertatisGraec'drum.
485 373 649 442 Atnunc
673 369 903 450 riccundem
928 393 1011 440 con·
1064 389 1128 437 vos
1143 367 1243 438 domi
1262 368 1412 441 desides.
1462 368 1679 442 Existimant
1699 371 1820 460 enim,
1849 396 1887 444 se
1911 394 2061 466 peregre

17 477 150 573 gregati
174 501 316 561 sumus,
359 497 580 572 quamquam
604 497 655 544 ne
672 497 770 544 nunc
792 475 938 568 quidem
962 474 1011 543 ita
1064 469 1254 548 militando
1271 470 1408 567 aliquid
1422 473 1661 569 acquisituros
1676 499 1769 556 esse;
1802 497 1867 546 vos
1882 495 1967 546 vero
1981 499 2060 547 mo-

17 579 333 663 convenimus,'ut
348 579 481 650 bellum
504 580 750 650 decernamus.
809 577 894 648 Non
915 577 1010 646 enim
1064 570 1109 643 tis
1125 572 1231 643 rebus
1257 575 1415 646 metuitis
1440 602 1504 648 vos
1526 579 1728 668 praesentia
1753 578 1948 656 amissuros
1971 603 2058 652 esse.

19 683 261 780 quaerendum
286 694 382 766 erat,
414 704 462 752 an
487 681 619 751 iniuria
646 679 764 750 affecti
784 679 915 764 simus,
950 680 1012 750 scd
1062 669 1119 742 llli
1133 673 1285 746 victores
1300 677 1441 770 longius
1454 681 1749 772 progrediuntur,
1765 681 1851 751 victi
1865 705 1941 752 non
1955 704 2061 774 pror-

17 789 299 870 decernendum,
341 797 381 856 ut
407 778 528 856 hostes
557 783 851 876 reprimerentur.
916 781 1010 855 Nam
1062 801 1121 848 sus
1137 778 1353 870 franguntur
1368 781 1509 854 animis.
1550 782 1742 854 Praeterea
1759 784 1798 856 in
1813 783 1941 856 militia
1957 809 2061 878 pere-

17 885 249 961 Athenienses
278 891 353 958 iam
367 907 371 914 ·
384 900 490 958 antea
513 911 553 957 re
574 887 770 958 deliberata
794 885 896 955 illato
915 885 1009 956 bello
1063 879 1175 971 grinis
1196 893 1364 963 utuntur;
1391 887 1452 955 sed
1476 885 1607 956 civium
1629 885 1779 958 consilio
1803 911 1860 958 res
1879 889 2060 980 guberna·

16 1019 81 1064 nos
109 988 228 1062 adhue
257 1003 432 1063 cessantes
464 991 642 1063 invadunt
670 991 747 1062 sine
772 989 1010 1061 muctatione.
1063 993 1133 1052 tuc-
1199 981 1379 1056 lactucam
1410 988 1642 1060 domesticam
1673 1015 1746 1062 cssc
1777 1003 1943 1074 censent,
1982 1015 2059 1062 11⁰ss

16 1097 152 1168 Scimus
185 1094 303 1178 enim,
345 1117 417 1190 qua
449 1093 508 1164 via
531 1089 767 1164 Athenienses
799 1092 1010 1184 procedant.
1061 1085 1230 1176 perficere
1247 1111 1310 1173 ea,
1344 1114 1436 1184 quae
1457 1090 1704 1174 instituerunt;
1739 1117 1831 1186 quae
1859 1117 1942 1164 vero
1967 1093 2060 1173 obti-

12 1199 192 1270 ‘Paulatim
223 1198 329 1268 initio
352 1197 652 1290 progrediuntur,
686 1209 721 1268 ct
740 1199 855 1266 donec
881 1207 1011 1289 putant
1062 1199 1168 1274 nent,
1193 1214 1306 1282 parva
1326 1216 1400 1264 esso
1424 1195 1583 1286 cogitant
1605 1219 1691 1287 prae
1720 1195 1812 1280 illis,
1840 1219 1932 1291 quac
1951 1219 2058 1288 prae-

17 1328 88 1372 non
111 1301 284 1393 intelligi,
321 1301 410 1395 quid
432 1307 560 1390 agant,
604 1301 722 1371 minus
750 1300 885 1370 seroces
915 1311 1009 1371 sunt,
1062 1303 1159 1361 terea
1174 1293 1385 1366 moliuntur.
1432 1295 1471 1368 Si
1487 1297 1634 1392 quando
1651 1309 1770 1378 autem
1785 1310 1922 1369 tentata
1938 1323 1977 1368 re
1993 1299 2057 1367 ali-

17 1407 143 1477 Postea
160 1426 268 1490 vero,
291 1427 373 1473 cum
390 1402 533 1488 vident,
559 1429 624 1474 vos
640 1404 818 1474 intellecta
832 1425 872 1470 re
889 1413 1009 1472 tamen
1062 1418 1133 1489 quc
1153 1419 1215 1486 spe
1228 1397 1467 1484 frustrantur,
1500 1422 1597 1469 nova
1612 1424 1673 1494 spe
1689 1400 1863 1472 iacturam
1881 1400 2060 1494 sarciuntr

17 1531 171 1592 cessare,
204 1506 320 1579 multo
343 1505 538 1580 ferociores
562 1509 664 1579 fiunt.
724 1505 802 1576 Soli
821 1504 917 1574 enim
945 1529 1009 1576 vos
1061 1496 1131 1567 soli
1146 1497 1243 1568 enim
1258 1499 1366 1570 simul
1384 1514 1419 1570 et
1433 1498 1567 1572 habent
1583 1515 1618 1572 et
1632 1516 1779 1596 sperant
1791 1527 1845 1588 ea,
1873 1526 1965 1598 quae
1979 1529 2058 1574 mo·
2155 1584 2158 1592 ,

15 1613 234 1683 Graecorum
257 1609 459 1705 quiescitis,
493 1633 571 1680 non
592 1609 747 1696 viribus,
780 1609 842 1679 sed
867 1621 1010 1678 cuncta·
1060 1598 1216 1685 liuntur,
1248 1615 1440 1695 propterea
1465 1605 1562 1700 quod
1587 1605 1727 1676 decreta
1752 1605 1915 1676 celeriter
1935 1619 2059 1698 agunt,

14 1715 109 1785 tione
123 1713 323 1807 repressuri
338 1709 496 1794 bostcm;
521 1736 588 1783 nec
602 1708 772 1783 inchoata
788 1712 1008 1782 incrementa
1061 1726 1103 1771 cc
1132 1702 1274 1774 labores
1297 1718 1332 1774 et
1352 1707 1511 1798 pericula
1540 1707 1683 1779 assiduo
1704 1709 1910 1801 perferunt,
1947 1733 2059 1804 quam

15 1815 191 1901 hostium,
221 1818 282 1889 sed
300 1815 481 1908 duplicata
498 1817 668 1889 evertitis.
886 1815 895 1828 ‘
1061 1804 1252 1877 minimum
1266 1807 1381 1899 partis
1392 1811 1571 1895 fruentes,
1597 1809 1682 1905 quia
1696 1810 1848 1884 subinde
1866 1809 2060 1907 acquirunt

111 1920 226 2014 Atqui
241 1919 431 2003 dicebatis,
456 1942 521 1989 vos
535 1919 665 1990 intuto
684 1941 778 2000 esse,
812 1915 941 1985 lortius
957 1914 1011 1982 lo·
1061 1932 1178 1994 nova,
1209 1934 1275 1980 nec
1288 1911 1396 1984 festos
1411 1912 1487 1984 dies
1503 1937 1577 1984 csse
1594 1913 1693 1984 aliud
1710 1927 1855 1986 censent
1872 1937 1982 2009 quam
2005 1913 2058 1984 ia-

16 2036 180 2118 quentes,
224 2045 334 2116 quam
359 2045 427 2114 pro
446 2022 502 2091 rei
524 2023 686 2094 veritate.
752 2019 892 2090 Scimus
912 2017 1008 2087 enim
1062 2035 1140 2082 cere
1155 2013 1367 2086 necessaria.
1418 2012 1551 2106 lgnava
1568 2015 1669 2110 quies
1687 2042 1764 2088 uon
1778 2017 1896 2089 minus
1912 2015 1963 2086 eis
1979 2041 2058 2086 mo-

14 2127 109 2218 prius
136 2127 184 2195 ab
202 2125 339 2196 ultimis
360 2123 466 2194 terris
487 2123 636 2196 Medum
661 2124 707 2195 ad
720 2123 1009 2215 Peloponnesum
1061 2113 1150 2185 lesta
1175 2128 1247 2202 est,
1287 2141 1395 2212 quam
1418 2118 1599 2189 laboriosa
1627 2119 1827 2213 occupatio.
1892 2117 2059 2215 Denique

16 2229 215 2313 accessisse,
257 2251 367 2322 quam
391 2251 456 2297 vos
479 2251 546 2319 pro
568 2229 741 2321 dignitate
765 2223 1009 2297 occurreretis.
1061 2219 1150 2289 tales
1166 2230 1262 2303 sunt,
1287 2232 1328 2289 ut
1342 2221 1499 2291 breviter
1516 2221 1646 2306 dicam,
1663 2235 1703 2294 ut
1718 2247 1783 2294 nec
1796 2221 1865 2314 ipsi
1878 2220 2059 2318 quiescere

15 2330 167 2403 Et‘nunc
182 2327 437 2416 Athenienses,
464 2331 617 2424 quinon
632 2329 759 2424 procul
776 2331 922 2412 absunt,
947 2351 1009 2396 ne·
1044 2320 1219 2413 possint,
1245 2315 1313 2391 nec¹
1326 2323 1415 2394 alios
1431 2323 1614 2419 quiescere
1628 2323 1759 2396 sinant.
1817 2322 1918 2396 Talis
1935 2322 2060 2398 civitas

15 2435 162 2526 gligitis,
199 2447 234 2504 et
257 2457 333 2503 non
357 2446 579 2504 antevertere
604 2435 685 2507 illos
710 2431 836 2516 vultis,
869 2432 931 2502 sed
954 2454 1010 2500 re-

16 2540 169 2628 primere
194 2538 387 2608 inserentes
410 2537 544 2606 bellum
562 2551 596 2608 ct
612 2538 730 2610 subire
746 2536 921 2605 incertum
935 2534 1009 2604 for·

16 2653 122 2711 tunae
137 2665 258 2712 casum
275 2641 500 2724 dimicando,
528 2665 608 2711 curn
631 2641 685 2710 illi
707 2639 800 2710 vires
821 2646 1009 2708 auxerunt.

16 2742 116 2814 Scitis
133 2757 252 2814 autern
267 2743 395 2814 Medos
409 2765 486 2813 non
507 2744 640 2815 nostris
665 2741 830 2838 proeliis,
864 2742 927 2812 sed
948 2740 1011 2809 ad-

17 2848 124 2919 versis
141 2848 280 2918 casibus
296 2849 428 2919 fractos
446 2871 541 2931 esse,
567 2861 602 2917 et
616 2843 851 2918 Athenienses
864 2867 1010 2936 supera-

15 2961 70 3019 tos
92 2950 208 3040 magis
230 2949 304 3022 suis
323 2951 450 3021 erratis
473 2973 583 3044 quam
609 2950 741 3022 nostris
770 2946 1011 3017 dimicationi-

16 3052 90 3124 bus.
148 3051 273 3146 ltaque
289 3063 324 3122 ct
338 3053 425 3124 socii
441 3053 588 3147 quidam
606 3052 738 3137 vestri,
772 3053 859 3120 dum
881 3049 1009 3119 fiducia

16 3155 123 3226 vestri
141 3154 266 3224 auxilii
281 3156 406 3225 sedent
419 3155 600 3247 imparati,
623 3156 725 3226 vobis
741 3152 957 3224 cessantibus
976 3163 1011 3222 et

17 3258 165 3327 meliora
200 3257 426 3349 sperantibus
456 3258 653 3349 perierunt.
726 3257 801 3330 Nec
835 3255 1012 3326 existimet

17 3363 206 3456 qnisquam
238 3360 323 3430 odio
355 3357 444 3432 hoec
471 3360 584 3452 magis
618 3360 689 3430 dici
719 3384 825 3455 quam
853 3357 1010 3452 querela.

16 3461 104 3534 Nam
122 3462 226 3558 queri
243 3466 339 3556 apud
352 3464 486 3534 amicos
501 3464 545 3534 de
562 3463 724 3556 ipsorum
749 3461 876 3533 erratis
900 3457 1011 3530 hone-

18 3578 107 3636 stum
123 3577 194 3648 est;
222 3568 401 3637 accusatio
419 3591 503 3636 vero
521 3566 753 3636 inimicorum
767 3578 831 3636 est.

117 3669 157 3740 Si
179 3669 350 3763 quivero
373 3669 436 3738 alii
460 3669 607 3740 deserti:
642 3691 709 3738 nos
731 3667 888 3736 maxime
911 3664 1010 3756 digni

12 3793 155 3856 sumus,
182 3773 324 3866 quivos
342 3766 666 3865 reprehendamus,
693 3769 757 3863 qui
777 3767 947 3838 maximis
965 3767 1009 3835 de

18 3873 118 3945 rebus
141 3874 409 3968 periclitamur,
451 3898 540 3968 quas
571 3897 647 3943 non
669 3871 800 3944 sentire
823 3869 1010 3953 videmini,

18 3977 335 4062 necconsiderare,
361 3977 484 4073 quales
496 3971 820 4057 sintAtheuienses,
844 3986 878 4044 et
895 3995 1010 4068 quan·

20 4088 90 4148 tum
115 4104 136 4150 a
161 4080 263 4152 vobis
282 4080 463 4152 differant.
521 4080 670 4172 Semper
692 4077 745 4146 illi
770 4076 908 4172 aliquid
922 4073 1010 4145 novi

19 4184 233 4268 moliuntur,
260 4196 296 4253 et
315 4185 463 4254 suntad
484 4181 757 4274 excogitandum
774 4193 809 4251 et
824 4178 1010 4272 perficien-

20 4283 101 4354 dum
119 4288 262 4356 decreta
276 4287 418 4359 celeres.
464 4287 513 4356 At
525 4309 590 4355 vos
604 4284 764 4354 contenti
780 4282 862 4354 estis
879 4281 1011 4353 retine·

1061 2448 1142 2494 cum
1157 2424 1260 2497 vohis
1281 2425 1487 2496 adversaria
1511 2426 1578 2512 sit,
1610 2425 1908 2512 Lacedaemonii,
1941 2421 2060 2496 adhuc

1061 2527 1280 2612 contamini,
1306 2542 1341 2599 et
1354 2529 1488 2622 putatis
1503 2554 1578 2600 non
1594 2528 1676 2602 illos
1691 2529 1846 2626 quictem
1870 2525 2059 2600 habituros

1062 2654 1157 2715 csse,
1183 2631 1248 2726 qui
1260 2631 1353 2704 iusta
1374 2633 1519 2728 quidem
1536 2631 1692 2718 iaciunt,
1718 2645 1897 2704 ettamen
1917 2655 2060 2724 semper

1061 2733 1182 2826 parati
1203 2745 1288 2804 sunt
1309 2737 1356 2804 ad
1371 2731 1616 2828 prohibendus
1636 2736 1806 2822 iniurias,
1837 2749 1873 2806 et
1896 2749 2059 2806 antever-

1061 2847 1144 2906 tunt
1157 2837 1333 2913 illaturos.
1386 2838 1457 2910 Sed
1474 2837 1589 2910 colitis
1610 2838 1866 2934 aequalitatem
1888 2863 1965 2908 non
1985 2838 2060 2908 lae·

1063 2941 1182 3010 dendo
1198 2939 1309 3025 alios,
1337 2943 1451 3011 donec
1465 2966 1529 3014 vos
1549 2941 1645 3034 ipsos
1668 2966 1776 3012 nemo
1798 2941 1922 3012 laedit.
1980 2939 2061 3016 Hoc

1062 3041 1186 3112 animo
1203 3067 1284 3114 cum
1300 3042 1397 3130 sitis,
1419 3044 1480 3116 vix
1494 3044 1645 3137 possetis
1659 3044 1814 3117 retinere
1831 3044 1987 3140 quietem
1998 3039 2061 3128 ,si

1063 3144 1184 3240 aliqua
1205 3157 1335 3237 potens
1356 3147 1480 3220 civitas
1503 3147 1605 3222 vobis
1629 3148 1745 3218 vicina
1766 3159 1868 3220 esset.
1927 3145 1999 3218 Sed
2020 3156 2061 3216 ut

1063 3261 1170 3316 antea
1184 3248 1359 3336 diximus,
1383 3244 1473 3320 haec
1487 3263 1605 3322 vestra
1629 3251 1777 3322 consilia
1799 3248 1958 3346 antiquis
1978 3271 2061 3320 mo·

1062 3351 1162 3422 ribus
1177 3365 1401 3444 congruunt,
1426 3378 1523 3424 nunc
1538 3355 1631 3425 utin
1648 3353 1806 3428 artificiis
1822 3379 1913 3446 opus
1929 3365 1983 3425 est
1994 3375 2061 3422 no·
2098 3375 2110 3438 j

1062 3454 1116 3526 vis
1133 3454 1301 3528 inventis.
1342 3455 1395 3526 Ac
1411 3482 1536 3528 verum
1552 3458 1699 3552 quidem
1717 3469 1769 3528 est
1784 3456 1952 3551 antiquas
1964 3456 2060 3546 leges

1062 3557 1270 3628 retinendas
1300 3583 1373 3630 esse
1404 3559 1595 3644 immotas,
1634 3572 1720 3630 tunc
1747 3557 1932 3640 videlicet,
1977 3580 2060 3628 cum

1061 3671 1158 3729 certa
1175 3682 1247 3751 pax
1263 3671 1326 3733 est.
1378 3658 1449 3730 Sed
1464 3685 1544 3731 cum
1558 3662 1621 3730 alii
1636 3658 1740 3731 nobis
1756 3671 1870 3732 astute
1887 3656 2061 3730 insidian·
2151 3663 2160 3670 ’

1062 3773 1143 3845 tur,
1167 3761 1433 3858 nobissquoque
1447 3761 1552 3834 novis
1565 3761 1701 3834 artibus
1717 3787 1808 3856 opus
1823 3774 1886 3834 est.
1936 3758 2058 3855 Quare
2183 3773 2186 3780 ’

1062 3873 1098 3982 et
1112 3857 1369 3982 Athenienses,
1395 3864 1481 3960 quia
1504 3866 1619 3938 multa
1639 3878 1800 3953 tentant,
1825 3863 1938 3938 multa
1962 3885 2059 3934 nova

1061 3979 1264 4038 mvemunt.

1164 4173 1218 4246 Sit
1232 4173 1341 4266 igitur
1357 4173 1458 4245 vobis
1472 4168 1530 4243 hic
1544 4173 1625 4245 linis
1641 4171 1819 4244 tarditatis
1836 4185 1990 4258 vestrae,
2017 4195 2059 4244 ac

1061 4274 1135 4346 iam
1150 4302 1233 4348 cum
1257 4275 1353 4361 aliis,
1387 4289 1464 4348 tum
1488 4299 1575 4348 vero
1601 4289 1637 4346 et
1658 4275 1795 4349 colonis
1817 4273 2059 4361 inPotidaea,

20 4407 68 4469 re,
88 4413 182 4483 quae
196 4389 397 4482 possidetis,
417 4388 593 4466 necinova
614 4387 831 4478 excogitatis,
854 4409 895 4454 ac
908 4385 1010 4455 lactis
1061 4377 1153 4451 sicut
1169 4379 1404 4474 promisistis,
1429 4379 1591 4451 celeriter
1606 4405 1713 4473 opem
1727 4382 1837 4466 ferte,
1864 4378 2059 4452 exercitum

19 4485 99 4580 ipsis
120 4516 168 4562 ne
188 4491 386 4564 neccssaria
409 4491 553 4586 quidem
580 4489 770 4584 suscipitis.
835 4487 893 4557 llli
922 4513 1009 4559 vero
1062 4481 1102 4554 in
1117 4481 1274 4552 Atticam
1289 4483 1476 4570 ducentes,
1507 4509 1574 4556 nec
1594 4479 1761 4555 homines
1783 4482 1919 4555 amicos
1940 4495 1975 4554 et
1998 4507 2058 4554 co·
2102 4483 2106 4492 “
2158 4494 2161 4502 “

21 4613 123 4685 supra
139 4595 234 4666 vires
250 4597 401 4666 audaces
414 4607 516 4680 sunt,
542 4606 577 4664 et
590 4593 746 4686 pericula
768 4604 911 4686 praeter
934 4591 1012 4684 opi·
1062 4598 1190 4679 gnatos
1201 4585 1378 4683 proiicite,
1395 4612 1441 4659 ne
1456 4586 1588 4660 caeteri
1601 4587 1688 4659 socii
1704 4585 1953 4680 desperatione
1966 4583 2060 4658 moti

21 4694 161 4768 nionem
177 4695 369 4769 hominum
385 4697 602 4790 suscipiunt,
628 4697 722 4766 etin
743 4694 1010 4767 difficultatibus
1063 4702 1241 4784 quaerant
1256 4689 1327 4759 alia
1347 4690 1514 4777 foedera,
1546 4713 1618 4787 qua
1638 4689 1678 4761 in
1699 4715 1739 4762 re
1761 4713 1838 4760 nou
1859 4691 2058 4764 faceremus

23 4819 116 4888 spem
135 4825 212 4872 non
233 4801 416 4874 abiiciunt.
466 4799 541 4872 Vos
562 4811 681 4870 autem
707 4799 852 4871 minora
875 4797 1010 4869 viribus
1061 4791 1206 4879 iniuste,
1231 4817 1298 4865 nec
1310 4806 1435 4866 contra
1444 4793 1577 4880 Deum,
1600 4818 1667 4866 nec
1680 4796 1777 4888 apud
1791 4789 2059 4887 homines'pru·

23 4905 183 4989 tentatis,
209 4915 244 4976 et
261 4905 416 4976 consiliis
436 4905 522 4975 tutis
539 4902 648 4974 etiam
671 4902 851 4987 diffiditis,
884 4912 918 4972 et
936 4924 1011 4971 me·
1062 4898 1189 4967 denter
1216 4896 1425 4970 iudicantes.
1489 4895 1639 4969 Violant
1659 4898 1755 4968 enim
1776 4897 1942 4983 foedera,
1979 4919 2058 4966 non

26 5003 118 5076 tuitis
131 5006 270 5079 nullum
285 5009 393 5078 linem
407 5009 485 5078 iore
504 5006 696 5079 malorum.
745 4984 937 5076 Praeterito
956 5004 1011 5073 illi
1062 5000 1127 5096 qui
1141 4999 1273 5071 deserti
1288 5000 1421 5072 auxilio
1447 5001 1518 5072 alia
1538 5013 1738 5096 quaerunt,
1770 5002 1835 5074 sed
1855 4999 1919 5096 qui
1939 4997 2062 5096 socios

26 5099 175 5200 ltttpigri,
191 5135 255 5183 vos
270 5123 492 5191 evocatorem
518 5111 572 5180 illi
585 5133 732 5202 peregre
747 5107 1011 5205 militantes¹¹),
1061 5128 1138 5174 non
1152 5103 1360 5177 defendunt.
1408 5103 1590 5178 Malumus
1606 5118 1726 5177 autern
1747 5103 1787 5174 in
1810 5115 1927 5174 vestra
1944 5098 2057 5193 socie,-

1060 5219 1135 5278 tate
1149 5232 1308 5292 manere,
1332 5205 1364 5280 si
1378 5207 1622 5281 defensionem
1634 5204 1823 5299 suscipitis.
1856 5203 1942 5278 Non
1958 5201 2056 5274 enim
2148 5219 2154 5232 ·

61 5311 106 5372 tr)
124 5327 241 5381 peregre
258 5315 424 5376 ultuantes]
441 5314 483 5366 sto
490 5313 540 5368 sc.
553 5313 629 5365 tm
645 5313 675 5364 tn
692 5311 883 5378 comrenttss
899 5311 929 5362 ln
949 5310 1012 5375 ¹1³⁸·
1062 5311 1154 5382 iusta
1176 5323 1267 5382 esset
1287 5310 1500 5398 disiunctio,
1532 5337 1599 5383 nec
1621 5311 1711 5381 alios
1731 5307 1909 5380 fideliores
1930 5306 2057 5381 inrect-

87 5385 215 5517 tllhlhl¹⁰
238 5385 301 5438 Μ’
330 5385 449 5452 mun
481 5382 716 5450 ’mmm'
740 5381 877 5448 ‘mm'
903 5373 1011 5446 ἅμα*
1063 5413 1135 5488 turi
1152 5439 1320 5490 essemus.
1357 5414 1413 5486 De
1426 5412 1484 5488 his
1497 5415 1607 5588 13ηὲἰέ
1615 5415 1725 5551 {ebus
1738 5423 1833 5484 recte
1847 5409 2055 5498 deliberate,

28 5246 222 5268 Μ
