4548 5788
232 121 350 248 sca'
820 171 946 248 rnn.
978 171 1094 248 amu
1124 169 1330 247 scnura
1359 115 1720 248 rnooaocrca'
2047 139 2051 152 '
2170 181 2218 256 su

339 343 408 418 llic
429 366 518 416 vero
541 355 575 414 te
597 343 781 436 interrogo
797 340 995 417 Aeschine:
1022 346 1121 416 Haec
1146 371 1228 420 cum
1280 347 1402 430 tandi,
1431 349 1494 420 sed
1515 347 1690 418 eadeeese
1705 347 1894 427 ducerem,
1919 343 1952 414 ei
1966 339 2052 414 nihil
2067 345 2221 420 omitterem

233 452 379 534 fierent,
406 461 442 522 et
463 449 557 520 cives
579 459 757 519 certarent
772 447 881 540 signis
898 449 1168 540 gratulationis,
1194 462 1231 522 et
1279 451 1320 520 in
1341 450 1404 520 illo
1420 473 1570 543 genere,
1596 451 1696 544 quod
1709 449 1878 542 prodesse
1894 471 1996 539 posse
2009 447 2162 520 videatur.
2194 449 2224 522 n

234 554 322 626 lacti
345 551 595 646 praedicarent
618 574 676 622 ree
695 561 833 642 gestas,
859 575 948 622 num
974 566 1010 622 et
1032 565 1073 624 tu
1095 554 1229 624 sacriti-
1280 553 1325 623 de
1351 577 1409 622 me
1432 553 1539 626 stulte
1561 553 1734 635 fortasse,
1760 553 1824 623 sed
1846 563 1968 622 tamen
1994 545 2060 620 hoc
2076 547 2153 620 mihi
2170 577 2223 643 per-

235 657 299 730 ciis
315 657 351 728 et
367 653 600 748 gratulationi
613 652 843 725 interfueris?
878 679 925 724 an
948 679 1035 725 vero
1051 656 1153 726 domi
1175 681 1230 728 se·
1279 679 1424 728 suasum
1441 669 1539 741 erat,
1564 679 1641 728 non
1658 655 1769 725 alium
1790 653 2004 726 scribentem
2026 655 2149 724 decreta
2165 657 2223 726 seri

234 761 330 832 deris
346 770 524 841 moestus,
550 779 695 848 gemens
711 769 747 826 et
763 756 876 828 iratus
889 760 1056 828 fortunae
1080 772 1230 852 propter
1280 760 1366 830 bere
1387 759 1535 830 utiliora
1559 759 1670 844 meis,
1700 779 1818 853 neque
1841 769 2005 850 agentem
2028 756 2165 852 aliquid,
2184 783 2225 826 ne

233 873 412 938 servatam
428 857 633 930 civitatem?
666 858 706 928 Si
729 859 826 930 enim
848 861 1042 932 interfuisti
1064 875 1127 934 tuo
1148 863 1229 933 loco
1282 885 1352 957 que
1372 862 1569 954 legationes
1591 863 1785 932 obeuntem
1804 861 1921 932 iacere
1945 855 2032 930 haec
2053 858 2224 930 libentiuset

233 965 380 1048 sedens,
405 987 503 1034 nunc
515 962 684 1034 scelerate
701 961 809 1048 iacis,
836 963 899 1060 qui
916 987 997 1034 cum
1013 977 1117 1034 antea
1133 964 1230 1038 Deos
1281 964 1420 1038 iustius.
1479 963 1563 1036 ldeo
1586 961 1654 1036 hos
1674 965 1816 1035 labores
1842 987 1967 1036 omnes
1988 963 2127 1054 suscepi.
2177 963 2225 1055 Age

234 1081 341 1142 testes
360 1066 495 1150 iecisti,
521 1077 556 1135 te
580 1064 740 1136 iudicare
764 1061 854 1136 baec
880 1066 1041 1160 ipsorum
1056 1068 1231 1139 beneficia
1280 1068 1358 1160 lege
1373 1065 1534 1162 Philippi
1551 1067 1701 1141 litteras.

234 1195 330 1256 esse,
361 1193 459 1242 nune
485 1168 579 1240 cives
601 1180 727 1238 contra
750 1167 910 1240 iudicare
930 1171 1109 1262 postulas,
1141 1193 1231 1266 quo·

231 1299 315 1346 rum
349 1271 547 1345 sententiae
581 1289 663 1341 cum
697 1265 902 1344 iuramento
929 1273 1107 1365 obligatae
1133 1285 1230 1359 sunt,

232 1401 315 1450 cnm
339 1375 471 1448 divinis
496 1372 698 1445 consentire
720 1375 863 1446 debent.
924 1375 989 1446 Sin
1011 1389 1131 1448 autem
1153 1401 1230 1446 non

107 1525 109 1536 ·
232 1479 440 1564 interfuisti,
454 1475 629 1570 supplicio
646 1475 775 1567 dignus
793 1502 843 1563 es,
863 1479 961 1572 quod
977 1479 1016 1548 in
1029 1479 1230 1574 pubiicass)

144 1639 152 1654 ,
231 1583 369 1654 laetitia
389 1581 457 1652 tibi
474 1578 627 1652 civitatis
650 1580 745 1652 salus
764 1581 930 1652 dolorem
956 1594 992 1654 et
1011 1581 1231 1677 indignatio-

231 1709 317 1758 nem
331 1685 463 1758 attulit.
514 1681 641 1754 Recita
657 1683 800 1754 decreta
815 1685 860 1754 de
875 1685 1069 1758 sacrificiis.

1650 1239 1913 1310 Litterae.

1384 1405 1425 1478 In
1446 1403 1542 1478 hanc
1566 1407 1846 1502 trepidationem
1869 1407 1969 1478 venit
1991 1401 2102 1477 bostis
2121 1419 2228 1500 propter

1281 1534 1381 1582 meas
1405 1511 1574 1582 actiones.
1627 1511 1730 1582 Hanc
1756 1509 1816 1580 ille
1841 1535 1967 1582 vocem
1993 1509 2104 1580 edidit
2123 1523 2228 1600 propter

1280 1639 1359 1700 me,
1385 1639 1467 1687 cum
1482 1627 1588 1686 antea
1602 1614 1756 1710 superba
1771 1613 1885 1684 multa
1903 1608 1989 1684 huie
2014 1612 2141 1683 civitati
2159 1613 2230 1681 mini·

1281 1730 1377 1790 tatus
1397 1729 1509 1804 esset,
1540 1729 1691 1813 propter
1713 1741 1805 1813 quae
1828 1739 1964 1788 corona
1990 1717 2138 1786 donatus
2151 1739 2229 1785 suna

1281 1819 1440 1907 civibus,
1466 1835 1502 1892 et
1517 1831 1557 1893 iu
1571 1847 1653 1893 cnm
1671 1821 1832 1906 adesses,
1858 1844 1933 1890 nou
1949 1817 2193 1901 contradixisti,
2208 1829 2229 1888 ei

1282 1937 1469 1996 accusator
1493 1923 1657 1998 Diondas
1680 1948 1756 1994 non
1782 1921 1920 2018 accepit
1944 1923 2109 2018 quintam
2133 1933 2229 2014 parion

334 2025 460 2120 ltaque
483 2048 551 2096 nos
572 2024 719 2120 quidem
735 2023 816 2096 Deo
836 2036 922 2096 tunc
945 2023 1079 2118 gratian
1101 2027 1231 2118 ageba·
1281 2027 1516 2099 calculorum.
1567 2026 1692 2099 Recita
1708 2027 1871 2112 decreta,
1898 2049 1993 2121 quae
2014 2039 2098 2096 tunc
2113 2024 2229 2095 absoluta

232 2155 332 2216 mus,
368 2124 536 2199 Thebani
559 2151 646 2198 vero
668 2127 794 2213 nobis,
820 2128 884 2224 qui
906 2128 1167 2222 praedicabant
1191 2154 1229 2201 se
1281 2142 1319 2202 et
1338 2155 1384 2202 ue
1399 2131 1546 2228 quidem
1563 2133 1609 2204 ab
1620 2126 1798 2202 Aeschine
1816 2141 1981 2202 accusata
1996 2127 2147 2224 sunt').

233 2233 376 2305 anobis
391 2243 551 2306 servatos
566 2255 654 2304 esse.
703 2229 751 2302 Et
768 2256 849 2302 cum
873 2245 980 2302 antea
1003 2231 1230 2304 existimaba-

230 2363 313 2410 mus
335 2335 442 2407 nobis
467 2359 558 2428 opus
583 2360 657 2408 esse
681 2334 801 2409 alieno
828 2335 962 2406 auxilio
993 2336 1108 2432 (quod
1132 2335 1231 2406 inid

230 2439 430 2536 perieulum
454 2437 655 2532 respublica
677 2432 865 2509 Aeschinis
891 2437 1049 2510 artificiis
1076 2440 1231 2511 adducta
1384 2472 1587 2568 Agamem,
1615 2472 1743 2544 iisdem
1770 2471 1889 2544 gerbis
1916 2484 1953 2544 ep
1982 2473 2109 2546 iisdem
2132 2471 2232 2566 syllabis

151 2626 158 2636 g
231 2543 352 2640 erat),
389 2554 477 2613 tunc
508 2541 733 2611 contrarium
765 2541 872 2613 nobis
907 2541 1055 2627 accidit,
1089 2553 1130 2613 ut
1162 2567 1230 2612 nos

444 1857 636 1928 Decreta
667 1857 716 1926 de
742 1853 1010 1948 sacrifieiis.

1647 2305 1890 2374 Decreta.

233 2671 341 2740 opem
362 2645 538 2715 ferremus
560 2643 658 2729 aliis,
682 2654 876 2738 postquam
900 2668 1022 2716 meum
1040 2645 1230 2716 consilium
1281 2569 2028 2774 :lffiffiefflgffllffigffloffiz
2047 2577 2164 2776 ‘iffi‘
2177 2573 2232 2746 llll

231 2745 471 2842 al’l'fflbfflll‘·
499 2744 664 2866 ‘Quale‘
694 2758 814 2816 aulem
842 2759 928 2818 ‘¹¹⁰⁰
951 2747 1105 2818 ediderit
1125 2757 1230 2820 *⁰⁰⁸3
1279 2779 1476 2858 Aeschines
1495 2809 1573 2856 non
1595 2781 1795 2870 accusavit,
1826 2807 1869 2853 ae
1887 2806 1934 2853 ne
1957 2783 2106 2878 quidem
2124 2777 2233 2854 subscri

231 2869 296 2924 rex
317 2849 592 2936 Macedonicus,
619 2847 717 2922 etin
739 2863 874 2944 quanta
894 2849 1004 2922 inerit
1023 2863 1230 2924 consterna·
1281 2903 1366 2984 pm
1384 2889 1474 2976 supp,
1500 2913 1582 2961 mm
1604 2897 1814 2976 mmmm
1830 2885 1904 2960 affl
1957 2885 2057 2959 Tum
2072 2911 2150 2958 γεω
2165 2897 2233 2954 auto

231 2956 350 3041 tione,
375 2978 420 3024 er
443 2952 603 3047 epistolis
628 2953 704 3024 eius
724 2953 926 3046 agnoscite,
952 2979 1042 3050 quas
1063 2955 1103 3024 in
1124 2953 1230 3026 Pelo·
1281 3017 1338 3065 m
1353 2991 1487 3064 deneg
1502 3015 1668 3064 mmm
1684 2985 1868 3064 honggfim
1883 3001 1982 3074 ergo,
2011 3015 2093 3068 cum
2113 2987 2233 3060 nondun

232 3081 437 3153 r⁰¹¹¹¹0⁸¹1¹1¹
455 3056 555 3129 midi
568 3055 630 3154 ⁸⁷)·
1282 3095 1504 3189 praeiudicia
1525 3097 1619 3166 iacta
1642 3106 1779 3180 essent,
1810 3118 1921 3188 quam
1949 3117 2049 3166 nunc
2069 3087 2234 3184 Ctesiphon·
2258 3111 2259 3160 3

334 3158 389 3228 ΑΕ
410 3159 543 3245 ‘edm’
573 3171 615 3230 ”l
632 3158 803 3246 ‘fidiam’
825 3159 913 3254 quid
930 3181 1011 3230 ¹⁰⁰³
1029 3158 1232 3247 midam*
1281 3213 1375 3286 tem,
1401 3199 1488 3296 quia
1504 3191 1674 3292 Ctesipho
1696 3197 1770 3268 iam
1791 3197 1886 3268 tueri
1899 3221 1937 3270 se
1953 3211 2074 3290 potest
2086 3195 2232 3268 autoritate
2258 3205 2259 3276 ξ

234 3262 448 3346 errationes,
468 3259 594 3352 magni
606 3260 749 3332 labores
766 3275 802 3332 et
817 3263 941 3333 crebra
951 3265 1093 3333 decreta
1107 3263 1231 3334 effece-
1281 3301 1336 3374 rei
1350 3301 1527 3374 iudicatae
1571 3315 1608 3372 et
1655 3301 1730 3372 uod
1741 3293 1936 3374 Aeschines
1948 3324 2028 3372 non
2048 3295 2232 3376 acumem

233 3363 329 3450 rint,
353 3385 446 3458 quae
467 3385 564 3434 nunc
589 3362 656 3433 iste
679 3363 899 3436 calumniose
921 3363 1089 3456 exagitat.
1137 3365 1231 3436 Fue·
1535 3355 1547 3388 ’
1630 3327 1654 3400 q

233 3480 321 3539 runt
344 3476 465 3537 autem
486 3464 594 3536 multi
616 3465 655 3534 in
679 3461 748 3536 hac
769 3465 912 3537 civitate
935 3465 1024 3537 clari
1049 3480 1085 3539 ct
1106 3466 1231 3560 magni
1282 3405 1541 3605 {2333ng
1561 3429 1639 3476 non
1661 3404 1750 3474 dant
1772 3415 1952 3474 amonem
1968 3405 2015 3476 de
2030 3429 2070 3475 η
2083 3405 2233 3490 ‘udinem'

234 3582 398 3642 oratores
421 3579 524 3655 ante,
551 3567 795 3654 Callistratus,
820 3566 1065 3665 Aristophon,
1091 3566 1231 3664 Cepha·

233 3675 308 3758 lus,
331 3667 581 3766 Thrasybulus
595 3669 645 3770 ⁸⁸)
660 3685 696 3744 et
711 3672 773 3742 alii
788 3673 905 3747 multi.
957 3672 1099 3744 llorum
1120 3697 1229 3746 nemo
1281 3725 1369 3784 punc

233 3788 353 3847 totum
374 3795 412 3845 se
437 3773 489 3844 ita
519 3774 687 3848 omnibus
714 3777 878 3869 partibus
908 3775 1232 3849 administrationis

235 3875 418 3996 onerpvit3
447 3877 509 3948 sed
530 3877 622 3996 plius
635 3878 778 3997 decreta
795 3879 953 4000 scribens
967 3879 1115 3950 uolebat
1131 3880 1231 4000 obire
1282 3915 1350 3992 has
1369 3918 1581 4014 praestigias
1603 3913 1795 4004 adhibere,
1819 3931 1856 3988 et
1880 3919 2069 3990 offundere
2090 3913 2232 4007 caliginem

232 3981 455 4073 legationes,
492 3979 584 4051 airus
615 3981 813 4072 legationes
841 3983 966 4054 obrens
999 4006 1076 4052 nou
1100 3984 1232 4054 scrabe-

782 4088 792 4104 .
1002 4085 1011 4102 .
1284 4023 1416 4110 oculis,
1429 4038 1470 4097 ut
1485 4023 1604 4093 dicere
1622 4021 1753 4118 aliquis
1768 4019 1912 4094 videtur
1929 4047 2118 4116 excerpens
2131 4021 2232 4089 decreta

232 4085 297 4154 bat
329 4085 495 4168 demta’
533 4083 600 4183 §ed
635 4107 883 4180 unu⁵q⁰¹⁸qu²
923 4096 960 4155 εἰ
1000 4085 1230 4206 melianum,
1284 4149 1327 4196 ex
1359 4126 1468 4220 longo
1503 4124 1694 4196 intervallo
1721 4127 1834 4209 iacta,
1873 4136 1909 4195 et
1935 4149 1977 4196 ea
2005 4123 2178 4196 artificiose
2198 4138 2232 4184 ca

232 4185 397 4306 ’umm-
418 4187 462 4256 ad
485 4185 766 4306 .q¹¹i⁸.⁸⁸²⁰d⁰m’
806 4200 843 4258 ‘t
873 4211 958 4308 ⁸¹¹³?
991 4187 1233 4258 i¹¹⁰⁰¹¹¹mim¹
1283 4229 1485 4315 lumnians,
1515 4241 1552 4301 et
1571 4241 1734 4322 tempora
1758 4227 1998 4315 transferens,
2026 4241 2062 4300 et
2077 4222 2233 4298 occasiones

233 4289 446 4374 ‘mulmis
465 4312 497 4360 ⁸¹
518 4291 607 4384 qmd
632 4292 735 4362 fieret
758 4303 1024 4362 ⁰⁰¹⁰¹¹¹¹¹¹¹¹⁰³¹⁰
1051 4315 1132 4363 “¹¹¹⁰
1152 4291 1233 4385 Plu·
1282 4333 1389 4406 salsas
1410 4335 1596 4428 affingens.
1658 4330 1728 4402 Sed
1751 4341 1838 4402 tunc
1859 4332 2063 4428 praestigiis
2082 4331 2169 4402 locus
2184 4343 2231 4394 nor

230 4392 332 4464 ‘ihm
351 4391 526 4512 perimi&
577 4389 677 4512 §uid
697 4393 925 4516 igilur.di⁰³¹
945 4393 1108 4514 aliq¹¹3⁸t
1125 4395 1234 4466 Μεθ’
1282 4436 1427 4524 suisset,
1454 4437 1540 4534 qnia
1556 4461 1614 4508 res
1629 4431 1747 4506 adbuc
1762 4435 1849 4505 etin
1867 4437 2033 4510 manibus
2049 4448 2138 4518 erat,
2160 4441 2230 4500 eisc·

233 4517 282 4565 ne
323 4495 504 4568 anteeeiln
542 4495 622 4567 alus
660 4497 874 4569 iortrtudrne
908 4509 945 4567 et
981 4499 1154 4583 audacia,
1193 4511 1235 4569 ut
1283 4540 1370 4612 ritas
1392 4563 1507 4635 prope
1535 4537 1840 4632 conspiciebatur,
1875 4552 1911 4610 et
1941 4535 2035 4610 nihil
2059 4541 2096 4608 in
2122 4529 2258 4616 obpg,

234 4597 332 4670 eolus
347 4597 507 4717 attigeris
522 4598 690 4720 minist.
713 4597 884 4722 1l⁰¹¹.¹¹⁰⁰
899 4600 1002 4687 dico,
1027 4603 1090 4673 sed
1109 4613 1232 4672 tamen
1283 4667 1367 4714 nem
1392 4655 1554 4716 venem
1603 4641 1760 4736 Fugiens
1781 4642 1891 4736 igitur
1911 4641 2168 4740 inquisitionem
2185 4631 2229 4704 ml.

222 4721 310 4789 ¹esse
331 4701 532 4792 periculum
555 4715 708 4774 crvrtatrs
730 4705 958 4790 iudicabam,
983 4715 1025 4775 ut
1047 4727 1124 4776 non
1147 4728 1233 4774 con·
2257 4745 2258 4782 i

233 4803 421 4874 cederetur
435 4800 526 4874 mihi
539 4805 697 4900 spatium
712 4807 757 4878 de
773 4807 1022 4879 incolumitate
1036 4831 1116 4878 mea
1135 4807 1231 4902 cogi-
1285 4821 1503 4842 ··········

1314 4919 1365 4982 89)
1390 4919 1421 4970 in
1450 4917 1521 4968 iano
1544 4911 1756 4996 trepidationem
1779 4914 1857 4966 venti
1873 4939 1909 4951 -
1925 4915 1960 4968 eb
1984 4911 2115 4968 Aeschine
2134 4899 2226 5022 senff
2257 4875 2258 4908 l

267 5035 320 5097 ¹⁶)
338 5031 460 5100 purum]
478 5031 529 5088 Et
544 5033 623 5088 ¹⁶⁸²·
643 5049 742 5091 errore
758 5041 889 5108 imon-2
907 5039 1044 5105 puerine.
1351 4987 1527 5124 iiiiii?
1537 4981 2226 5119 lhil'lltilfnvllllu*lelilrhwplslieclbluone

266 5121 318 5184 87)
343 5121 441 5186 iteone
466 5131 518 5172 nos
547 5117 656 5183 quiden
679 5123 738 5177 Deo
763 5153 799 5166 -
825 5125 855 5176 in
880 5123 1101 5188 Peloponnesum
1129 5123 1230 5187 misit]
1350 5127 1461 5182 nerent.

302 5191 371 5243 trees
388 5189 471 5242 ettam
487 5189 683 5244 Demosthenis
700 5195 789 5245 verbe
808 5193 838 5244 in
855 5193 907 5248 ne.
923 5194 998 5246 itai.
1024 5195 1097 5244 nete
1121 5194 1164 5246 etc
1180 5197 1232 5260 ty·
1316 5213 1366 5274 ω)
1382 5207 1545 5277 mmm.
1562 5207 1660 5261 {nam
1675 5207 1772 5262 „fou
1790 5235 1825 5248 ..
1843 5209 1879 5260 «ι,
1895 5197 2225 5262 responsoriale-1¹5¹*

302 5257 348 5324 pie
366 5260 604 5327 exscriptorum,
622 5270 656 5313 ec
678 5260 705 5314 ei
721 5261 784 5327 ipse
801 5263 915 5314 decrete
932 5263 968 5312 iis
986 5265 1197 5327 praeberentur.
1351 5293 1459 5346 quoqu,
1477 5279 1673 5332 omnnem.
1691 5282 1777 5332 mog
1794 5279 1823 5330 ιη
1839 5279 1889 5330 κα,
1911 5277 1992 5340 ιωςκκ
2007 5277 2080 5341 ιῃῑι
2104 5271 2141 5322 sic
2155 5267 2224 5318 anri
2256 5269 2257 5286 ¹

267 5343 318 5404 te)
338 5344 545 5410 rtresytoiru]
564 5345 606 5398 eie
622 5345 786 5412 scripsimus
800 5365 834 5393 =
854 5339 1068 5416 Θρασύβουλοςς
1087 5349 1137 5403 tii.
1152 5349 1230 5403 itti.
1352 5353 1435 5414 suot,
1459 5359 1493 5401 ec
1510 5339 1536 5399 el
1553 5349 1613 5412 ipse
1631 5347 1763 5416 decreto,
1788 5360 1903 5414 quorun
1920 5345 2074 5402 testimonio
2092 5327 2223 5394 oratorii

304 5413 491 5477 transientes.
1350 5419 1457 5486 utimr,
1476 5418 1649 5471 enituere.

1383 3609 1511 3684 Potest
1531 3623 1567 3680 et
1591 3608 1662 3680 alia
1685 3607 1799 3678 multa
1823 3631 2023 3704 opponere.
2087 3607 2233 3678 Praeterea

1391 3737 1496 3786 causa
1520 3713 1620 3784 nuda
1642 3713 1840 3784 secundum
1862 3737 1937 3784 sese
1958 3711 2173 3784 indicabatur
2184 3703 2233 3777 sne

1282 3815 1531 3910 praeiudiciis,
1551 3816 1614 3888 sed
1629 3827 1715 3886 tunc
1730 3812 1769 3884 in
1782 3815 1963 3908 praesenti
1981 3841 2022 3888 re
2039 3840 2113 3885 non
2132 3815 2232 3905 poterat
