4548 5788
134 252 142 280 ,
222 163 300 293 sss
438 224 441 234 ·
508 221 534 230 ·-
808 197 1693 280 entusffinscamsmouofflcs.
2155 207 2205 282 ιιι

224 378 506 456 allemostheue
520 378 765 452 Alexandrum
780 390 816 450 et
830 375 1220 469 deindeAntipatrum;
1272 373 1336 470 qui
1367 373 1630 467 rempublicam
1652 371 1826 445 uoniam
1852 371 2012 446 omnium
2035 397 2209 449 communen

224 481 394 568 sedhaec
409 509 494 578 pars
508 483 617 554 etiam
640 481 770 572 frigida
794 494 859 554 est.
910 483 1109 576 Postquam
1130 475 1221 550 haec
1271 501 1346 550 esse
1363 477 1520 562 ducunt,
1545 477 1665 549 sedin
1684 499 1785 548 suam
1809 488 2021 572 potestatem
2040 489 2211 570 prorsum

97 613 106 624 ‘
225 603 391 683 tempora
406 585 605 681 pertexuit,
631 584 760 676 incipit
775 585 818 656 dc
833 609 989 677 persona
999 585 1141 669 dicere,
1174 583 1219 652 dc
1269 582 1464 672 degerunt,
1490 580 1677 652 minantur
1690 574 1775 651 huic
1788 581 2065 663 accusationem,
2087 583 2212 673 etprin-
2248 601 2249 612 ¹

224 716 355 790 genere
368 703 405 762 et
419 689 601 772 moribus,
624 687 702 758 vult
725 687 765 758 iu
784 687 865 758 viro
885 687 1035 782 politico
1057 685 1220 758 conside·
1271 697 1328 756 tos
1343 683 1437 756 cives
1460 684 1500 752 in
1523 683 1733 754 servitutem
1756 684 1942 777 redigunt,
1969 694 2004 753 et
2025 707 2152 774 reguum
2168 686 2211 756 sihi

223 797 301 870 rari
314 792 489 888 patriam,
506 791 688 862 maiorum
702 814 785 883 erga
800 791 1059 884 rempublicam
1077 789 1222 873 merita,
1270 782 1544 872 machinantur,
1576 784 1783 876 etiudicia,
1817 809 1909 882 quae
1942 811 1986 856 ex
2009 786 2132 878 legibus
2147 811 2212 856 erer-

226 895 462 981 modestian'r,
493 906 677 989 postremo
699 895 929 987 prudentiam
951 907 988 964 et
1008 891 1151 964 dicendi
1167 893 1221 963 la·
1272 890 1465 975 cebautur,
1491 891 1723 961 sustulerunt.
1773 887 1838 960 Illa
1855 914 1964 974 vero,
1988 913 2076 984 quae
2092 913 2128 958 er
2143 890 2213 960 noris

227 1001 410 1074 cultatem.
1272 991 1425 1063 decretis
1453 991 1740 1079 constituuntur,
1771 993 1856 1064 irati
1883 1017 1952 1086 pro
1984 991 2056 1064 suis
2078 991 2213 1062 allectibu
2249 1053 2250 1060 ,

191 1109 195 1116 ’
328 1100 469 1172 Deinde
486 1097 612 1168 concio
628 1095 811 1192 sequitur,
837 1098 1022 1170 contendit
1035 1119 1113 1167 non
1135 1120 1220 1168 con·
1272 1106 1448 1166 exercent.
1498 1092 1547 1165 Et
1559 1097 1631 1176 iam
1646 1095 1818 1167 conticuit
1830 1091 2113 1168 honestissimum
2131 1095 2216 1164 mods
2249 1061 2250 1124 l

225 1205 423 1276 cedendum
442 1224 537 1284 esse,
562 1212 603 1271 ut
619 1199 668 1270 ita
684 1201 817 1293 passim
844 1215 881 1272 et
896 1201 1003 1294 vulgo
1025 1202 1220 1271 decernan-
1272 1198 1539 1292 stissimumque
1555 1197 1594 1268 in
1612 1199 1701 1270 urbe
1716 1200 1964 1292 praeconimn.
2015 1196 2101 1291 Quis
2120 1221 2215 1280 eonu,

224 1320 286 1380 tur
301 1329 457 1378 coronae
474 1317 512 1374 et
526 1299 703 1387 honores,
727 1303 815 1373 dicit
829 1316 865 1374 et
880 1305 924 1374 dc
940 1304 1129 1376 severitate
1143 1325 1220 1371 ma·
1273 1301 1336 1396 qui
1365 1299 1702 1398 quinquagesimum
1733 1325 1869 1374 annum
1892 1301 2025 1394 egressi
2046 1311 2138 1384 sunt,
2162 1324 2216 1368 coo

225 1408 347 1487 ionum
361 1409 401 1480 in
416 1405 632 1479 damnandis
646 1405 710 1489 iis,
733 1407 797 1501 qui
810 1409 953 1478 decreta
975 1418 1102 1477 contra
1125 1406 1220 1496 leges
1272 1403 1412 1474 cionari
1427 1403 1529 1474 vult?
1554 1403 1634 1500 quis
1648 1403 1777 1475 deinde
1792 1405 1948 1476 aliorum
1963 1403 2091 1474 civitnn
2104 1425 2157 1473 suo
2166 1401 2216 1470 loco

225 1515 398 1585 fecerant.
440 1511 569 1582 Postea
584 1509 695 1602 petit,
711 1533 756 1578 ne
771 1512 989 1582 concedatur
1006 1503 1220 1580 Demosthe-
1272 1507 1351 1576 vult
1363 1506 1579 1578 sententiam
1594 1507 1737 1578 dicere?
1763 1507 1919 1604 deniqne
1940 1503 2122 1578 rhetorum
2139 1505 2217 1596 impu

225 1616 286 1703 ni,
311 1629 353 1688 ut
367 1613 462 1686 dicat
482 1636 550 1705 pro
566 1607 817 1704 Ctesiphonte,
843 1627 907 1684 aut
928 1613 959 1684 si
979 1613 1140 1683 dicturus
1156 1622 1221 1694 est,
1272 1608 1432 1680 dentiam
1453 1633 1529 1678 non
1552 1603 1762 1694 cohercere,
1799 1611 1871 1680 iam
1894 1635 2014 1706 neque
2034 1611 2122 1702 leges
2140 1631 2218 1700 neque

103 1811 105 1818 y
225 1731 269 1790 ut
280 1730 430 1811 cogatur
444 1714 547 1810 sequi
563 1715 729 1786 ordinem
746 1716 904 1808 capitum
919 1714 1169 1787 accusationis.
1273 1711 1452 1806 principes
1468 1725 1631 1798 senatus,
1645 1737 1764 1808 neque
1778 1717 2028 1784 moderatores
2043 1711 2218 1788 cerdonum,

301 1821 517 1894 ·Postremo
534 1841 600 1911 per
618 1819 891 1912 occupationem
917 1818 1023 1890 diluit
1046 1813 1222 1900 convicia,
1272 1839 1391 1911 neque
1406 1815 1614 1908 praesidens
1629 1817 1745 1887 tribus
1757 1829 1887 1911 potest.
1939 1815 2032 1888 Cum
2047 1811 2128 1884 haec
2145 1814 2218 1882 itast

225 1947 321 2019 quae
336 1935 461 2018 postea
478 1921 638 1994 dicturus
663 1934 741 1991 erat
755 1917 1036 2006 Demosthenes,
1062 1933 1098 1991 et
1120 1941 1223 2012 repe·
1273 1913 1434 1988 habeant
1449 1918 1488 1987 in
1504 1914 1571 1989 hac
1593 1919 1814 2012 reipublicae
1833 1919 2123 2013 perturbatione,
2144 1939 2219 2010 quan

225 2025 272 2096 tit
293 2024 583 2096 criminationem
603 2023 856 2116 praecipuam,
890 2025 989 2120 quod
1008 2022 1095 2094 belli
1115 2023 1221 2094 cansa'
1273 2033 1352 2092 tum
1380 2045 1447 2114 ego
1476 2021 1658 2115 intelligo,
1687 2046 1801 2094 unum
1823 2019 1894 2094 hoc
1915 2021 2126 2094 iudiciorum
2148 2041 2219 2110 genu

224 2128 345 2200 luerit.
396 2126 497 2200 Sicut
516 2150 667 2211 manus,
689 2126 828 2223 inquit,
854 2151 926 2224 qua
950 2126 1131 2224 quispiam
1153 2124 1223 2196 sibi
1274 2119 1391 2196 adhuc
1404 2123 1585 2219 reliquum
1601 2137 1671 2208 est,
1685 2128 1783 2220 quod
1798 2127 1907 2198 datur
1921 2129 2092 2196 adversus
2106 2121 2219 2214 eosqui

226 2243 384 2302 mortem
412 2228 601 2314 conscivit,
640 2231 800 2323 praecisa
829 2254 907 2302 non
936 2230 1108 2324 sepelitur
1140 2253 1221 2299 curn
1274 2229 1416 2298 decreta
1432 2233 1558 2298 contra
1575 2229 1670 2320 leges
1684 2229 1857 2302 scribunt.
1908 2229 2019 2323 Quod
2038 2229 2069 2302 si
2087 2223 2148 2297 hoc
2164 2224 2222 2293 iudi

224 2334 368 2430 reliquo
385 2355 557 2426 corpore,
582 2332 633 2404 sic
647 2345 754 2403 autor
772 2334 868 2406 necis
885 2335 1016 2406 civium
1037 2357 1057 2402 a
1081 2331 1222 2426 reliqua
1274 2331 1370 2402 cium
1388 2330 1572 2426 antiquari
1586 2331 1840 2424 permiseritis,
1865 2332 2038 2426 praedico
2052 2329 2144 2401 vobis
2157 2327 2222 2396 brevi

224 2436 457 2510 multitudine
479 2436 611 2508 civium
634 2435 821 2529 pellendus
846 2451 917 2523 est,
944 2461 1008 2509 seu
1030 2435 1223 2520 tollendus,
1273 2435 1456 2534 futurum,
1496 2447 1538 2505 ut
1565 2434 1772 2506 universam
1797 2435 2061 2528 rempublicam
2084 2430 2163 2504 nibil
2179 2431 2222 2499 tale
2251 2483 2252 2524 ,

224 2552 268 2622 ut
283 2533 458 2635 ἀλάστωρ
470 2563 535 2610 seu
546 2530 734 2634 κάθαρμα
748 2552 784 2609 et
798 2539 1001 2631 piaculum,
1027 2551 1121 2610 totas
1137 2561 1223 2631 gen·
1275 2538 1465 2630 opinantes
1493 2536 1677 2609 amittatis.
1743 2537 1850 2610 Scitis
1879 2540 1978 2609 enim
2011 2537 2156 2630 triplices
2176 2555 2252 2604 ese

225 2655 279 2715 tes
292 2644 477 2736 polluens,
504 2654 540 2711 et
559 2639 653 2710 iram
669 2638 740 2710 Dei
759 2641 907 2714 irritans
930 2655 1056 2713 contra
1077 2641 1222 2714 univer·
1273 2640 1409 2712 formas
1433 2638 1618 2712 civitatum
1642 2643 1893 2733 regendarum.
1945 2642 2022 2713 Aut
2042 2643 2132 2710 enim
2152 2659 2224 2730 pens

225 2769 297 2820 sos.
332 2815 335 2826 ,
398 2743 498 2815 llaec
512 2754 566 2816 est
581 2743 785 2836 argumenti
799 2769 953 2819 summa.
1273 2767 1388 2816 unum
1413 2767 1554 2814 summa
1579 2729 1798 2837 reipublicae
1820 2757 1893 2830 est,
1925 2758 1991 2817 aut
2010 2767 2117 2838 penes
2134 2761 2225 2834 paucos

1274 2845 1484 2940 optimates,
1511 2857 1573 2917 aut
1586 2868 1696 2940 penes
1710 2849 1898 2943 populum.
1948 2846 2037 2919 lllae
2050 2861 2158 2918 autem
2171 2841 2225 2912 cici·

1274 2961 1383 3034 tates,
1413 2973 1504 3044 quac
1519 2949 1585 3020 uni
1597 2964 1745 3042 parent,
1772 2964 1870 3022 anta
1886 2951 2013 3044 paucis
2040 2947 2225 3042 optimatibus

328 3049 489 3135 Videtis,
514 3049 629 3136 cives,
656 3049 744 3147 quid
767 3047 1020 3126 machinentur
1042 3053 1223 3139 nonnulli,
1275 3065 1471 3146 reguntur,
1497 3053 1746 3144 gubernantur
1760 3078 1803 3124 ex
1816 3055 2004 3126 voluntate
2029 3079 2163 3134 eorum,
2187 3071 2226 3143 qm

226 3155 412 3250 quomodo
428 3165 663 3238 concurrant,
687 3178 868 3249 quamque
884 3155 1072 3228 ambitiose
1088 3157 1127 3227 iu
1140 3159 1221 3230 loro
1274 3157 1472 3249 imperant;
1497 3156 1633 3227 liberae
1658 3157 1839 3242 civitates,
1870 3157 1934 3228 ubi
1953 3183 2130 3230 summum
2149 3153 2226 3244 impe

225 3259 484 3350 deprecentur,
508 3279 582 3350 quo
607 3257 726 3327 minus
746 3257 847 3328 urbis
870 3258 965 3350 leges
989 3271 1097 3354 atque
1121 3259 1223 3330 insti·
1273 3259 1368 3330 rium
1385 3281 1494 3350 penes
1508 3260 1685 3353 populum
1699 3274 1771 3344 est,
1795 3261 1933 3353 legibus
1947 3275 2131 3354 reguntur.

226 3369 533 3433 conserventur.
586 3355 665 3448 Ego
692 3371 813 3429 autem
833 3360 941 3430 venio
966 3361 1125 3452 primum
1142 3361 1222 3434 Diis
1377 3360 1495 3434 Nemo
1510 3362 1620 3453 igitur
1643 3357 1713 3433 hoc
1736 3363 1897 3456 ignoret,
1931 3367 1995 3435 sed
2017 3363 2149 3460 quoties
2166 3353 2225 3427 iudi

183 3496 187 3502 »
226 3460 493 3540 immortalibus
517 3461 690 3546 conlisus,
724 3460 854 3532 deinde
877 3462 1015 3556 legibus
1038 3489 1080 3534 oc
1103 3477 1221 3536 vestra
1274 3462 1370 3533 cium
1394 3465 1439 3534 de
1459 3464 1597 3555 legibus
1619 3478 1821 3550 exercetur,
1854 3467 1944 3538 sciat
1964 3492 2002 3538 sc
2027 3463 2226 3559 unusquisqut

227 3564 431 3663 aequitate,
456 3587 634 3658 speroque
649 3563 748 3635 nulla
764 3565 915 3636 artificia
937 3568 1019 3659 plus
1040 3591 1150 3663 quam
1170 3569 1222 3640 le-
1273 3565 1433 3637 iudicum
1450 3568 1626 3640 calculum
1641 3569 1686 3638 de
1701 3593 1764 3640 sua
1781 3569 1947 3640 libertate
1961 3571 2070 3641 ferre.
2108 3563 2226 3638 Proinde

225 3693 286 3762 ges
304 3681 340 3740 et
356 3667 411 3738 ius
425 3667 607 3761 publicum
625 3669 722 3760 apud
736 3693 802 3740 vos
813 3669 968 3741 valitura
983 3694 1070 3744 esse,
1106 3671 1222 3768 Opta·
1273 3669 1313 3739 in
1327 3669 1532 3740 iuramento
1546 3671 1706 3742 iudicum
1718 3673 1751 3770 ι)
1767 3673 1999 3766 itascriptum
2017 3686 2085 3745 est:
2101 3671 2226 3741 Psoron

224 3772 297 3842 rim
314 3782 435 3843 auum
448 3782 613 3842 senatum
636 3783 671 3841 et
693 3772 904 3843 concionem
926 3774 1133 3848 universam
1152 3776 1221 3847 rite
1273 3773 1372 3843 tiabo
1403 3774 1599 3845 secundum
1630 3776 1738 3868 leges.
1783 3775 1914 3847 »Norat
1935 3776 2034 3846 enim
2058 3777 2173 3854 Solon,
2196 3769 2227 3835 itt

226 3898 248 3943 a
265 3872 533 3965 magistratibus
554 3872 696 3964 rogari,
723 3887 759 3944 et
779 3875 893 3968 leges,
921 3899 1011 3971 quas
1031 3878 1076 3948 dc
1100 3891 1222 3950 orato·
1273 3877 1400 3947 urbem
1415 3901 1456 3947 ac
1471 3876 1675 3948 libertatem
1691 3879 1910 3951 incolumem
1923 3881 2024 3964 lore,
2042 3879 2072 3950 si
2086 3879 2168 3968 leges
2180 3891 2227 3943 scr·

224 3976 326 4048 ribus
343 3975 471 4047 ordine
485 3975 655 4067 rogandis
672 3974 785 4047 Solon
807 3977 909 4062 tulit,
934 3981 1093 4067 servari,
1120 3998 1156 4054 et
1177 3985 1222 4054 li.
1272 3992 1416 4052 ventur.
1474 3977 1573 4050 llaec
1602 3993 1746 4072 oportet
1766 4006 1832 4052 vos
1862 3983 2068 4054 meminisse
2094 3994 2125 4050 et
2148 3976 2228 4046 odisse

226 4105 306 4151 cere
318 4079 448 4174 cuique
463 4077 622 4163 marimo
637 4091 748 4164 natu,
761 4079 854 4152 sicut
870 4081 964 4173 leges
980 4082 1124 4172 iubent,
1140 4112 1222 4180 sug·
1274 4106 1354 4168 eos,
1387 4082 1451 4177 qui
1474 4083 1702 4175 rogationem
1726 4084 1886 4180 aliquam
1912 4098 2038 4158 contra
2064 4085 2149 4176 leges
2166 4075 2226 4149 tule

224 4196 363 4278 gestum
395 4182 652 4266 conscendere,
691 4183 836 4254 nemine
870 4182 1106 4278 impediente,
1152 4214 1220 4284 pro
1274 4197 1378 4269 runt,
1403 4208 1469 4256 nec
1486 4187 1615 4258 ducere
1630 4182 1718 4257 haec
1733 4187 1862 4258 delicta
1876 4188 1970 4259 levia
1989 4213 2082 4272 esse,
2106 4185 2160 4257 sed
2173 4201 2225 4272 gra·

224 4311 289 4359 sua
307 4286 525 4378 experientia
543 4285 681 4379 optima
696 4285 834 4358 civitati
855 4289 1057 4369 consulere;
1091 4292 1221 4364 deinde
1273 4287 1430 4360 sissima.
1490 4277 1617 4386 Neque'
1652 4312 1739 4360 vero
1773 4289 1879 4360 sinite
1905 4292 2010 4364 vobis
2034 4291 2090 4362 ius
2108 4297 2225 4357 vesun

223 4388 386 4484 reliquos
399 4391 492 4463 cives
507 4412 575 4482 pro
600 4399 736 4474 aetate,
769 4389 917 4475 ordine,
950 4417 1017 4463 suo
1041 4418 1221 4491 quemque
1274 4391 1526 4483 deprecatione
1554 4395 1818 4485 imperatorum
1838 4393 1948 4486 eripi,
1986 4395 2050 4490 qui
2071 4393 2129 4463 diu
2149 4387 2225 4457 colle

224 4493 307 4562 loco
341 4495 556 4567 sententiam
589 4491 720 4564 dicere.
780 4493 839 4564 Sic
868 4488 960 4564 mibi
982 4495 1167 4570 videretur
1187 4511 1223 4570 et
1274 4495 1397 4566 dentes
1410 4493 1484 4564 iam
1502 4520 1582 4566 cum
1608 4496 1812 4570 oratoribus
1835 4487 2054 4568 labefactant
2073 4485 2224 4584 rempubl·

223 4594 312 4666 urbs
342 4597 477 4689 optime
506 4594 773 4682 administrari,
820 4607 856 4668 ct
883 4595 1004 4670 minus
1033 4599 1221 4696 aliquanto
1274 4619 1374 4682 cam,
1408 4621 1475 4667 nec
1505 4600 1708 4669 condonate
1737 4593 1946 4670 huiusmodi
1978 4625 2059 4672 reos
2082 4594 2223 4686 hospitum

223 4695 342 4768 litium
356 4700 434 4770 fore
448 4699 545 4772 inter
558 4699 664 4770 cives.
1272 4699 1457 4792 precibus,
1498 4701 1628 4796 quibus
1649 4701 1853 4773 subornatis
1878 4704 2026 4798 quidam
2054 4726 2075 4771 e
2103 4698 2222 4770 iudicum

326 4798 463 4888 Verum
481 4802 604 4872 omnia
620 4801 806 4895 praeclara
824 4801 1222 4877 institutaveteranunc
1273 4803 1441 4874 manibus
1469 4817 1670 4877 evaserunt
1728 4805 1799 4877 Sed
1826 4806 1919 4877 sicut
1947 4806 1985 4874 in
2016 4805 2089 4876 acie
2111 4801 2221 4894 puderet

225 4903 373 4978 abolent
405 4903 572 4997 quidam,
607 4918 643 4975 et
671 4906 842 4976 audacter
872 4929 986 4980 novas
1015 4908 1222 5000 rogationes
1272 4905 1391 4977 locum
1407 4908 1589 4994 deserere,
1622 4907 1672 4978 ita
1693 4919 1730 4978 et
1747 4933 1845 4980 nunc
1866 4911 2000 5002 pudeat
2021 4909 2131 4978 locum
2152 4903 2219 4972 desc

225 5021 353 5080 contra
377 5009 471 5101 leges
493 5008 634 5092 lerunt,
660 5032 792 5104 easque
806 5011 1048 5104 comprobant
1061 5011 1123 5080 alii
1138 5015 1221 5085 sub-
1272 5033 1373 5095 rere,
1407 5009 1446 5080 in
1469 5035 1575 5105 quern
1600 5012 1646 5082 ab
1668 5011 1754 5102 ipsis
1774 5012 1911 5104 legibus
1933 5015 1979 5084 ad
2001 5005 2217 5082 defendendam

225 5113 365 5197 ornati,
388 5135 454 5182 nec
471 5135 538 5205 per
559 5123 694 5182 sortem
716 5112 876 5202 legitime
900 5115 1012 5184 mesti
1034 5115 1220 5207 magistre-
1271 5112 1472 5184 libertatem
1500 5109 1609 5185 hodie
1635 5115 1801 5184 collocati
1833 5115 1927 5189 estis
1987 5115 2132 5207 Oportet
2158 5107 2218 5174 item

223 5228 294 5290 tus.
340 5215 534 5289 Praeterea
549 5239 630 5288 cum
646 5215 800 5284 aliorum
815 5229 1023 5289 senatorum
1039 5218 1218 5312 quispiam
1271 5241 1336 5290 vos
1367 5213 1437 5287 hoc
1457 5217 1684 5304 meminisse,
1726 5219 1825 5313 quod
1850 5219 1963 5304 cives,
1995 5218 2057 5313 qui
2079 5212 2160 5306 apud
2175 5223 2218 5272 vt!

223 5342 291 5411 per
306 5331 439 5389 sortem
464 5320 621 5413 legitime
643 5319 770 5388 ductus
790 5321 999 5391 moderator
1023 5321 1218 5409 concionis,
1759 5406 1794 5420 ...
1986 5387 1998 5402 .
2129 5366 2217 5420 “u

224 5431 344 5492 vestra
361 5421 531 5514 suffragia
544 5419 613 5493 rite
627 5421 835 5496 renuntiare
850 5421 945 5509 vult,
969 5421 1129 5516 improbi
1151 5423 1217 5512 issi,
1307 5387 1741 5518 ”paeffffigffi'fflm'l'
1759 5423 1795 5436 “·
1813 5387 1942 5446 mlh·
1960 5403 2015 5442 ω’
2032 5383 2165 5441 ‘mm’

225 2909 471 2988 Aeschinis
498 2911 648 2982 oratio
672 2925 837 2984 contra
860 2910 1222 3008 Ctesiphontem.
