4548 5788
244 167 320 240 eor
822 161 945 238 rau.
965 163 1093 238 uae.
1127 159 1331 240 scamus
1363 147 1702 243 rmrouooloe
2165 187 2214 260 ωδ
2256 171 2257 236 l

2256 251 2257 284 l

245 335 348 421 tasti,
372 359 429 405 me
445 335 574 408 omissa
591 337 799 406 narratione
822 335 1054 408 consiliorum
1078 336 1239 430 publico·
1294 337 1440 431 quidem
1456 339 1551 412 illius
1568 339 1758 410 uenerint
1775 339 1965 432 legationis
1983 345 2101 416 scelera
2120 357 2222 444 propri,

245 463 327 510 rom
350 438 594 531 ingressurum
624 463 699 510 esse
724 441 761 508 in
790 441 1169 511 commemorationem
1194 443 1238 512 de
1292 444 1337 511 ad
1350 437 1646 514 Philocratemet
1656 441 1775 534 ipsum
1794 446 2007 535 pertineant.
2052 449 2173 524 Necesse
2189 471 2223 528 est

248 542 321 612 vita
339 541 499 633 privata;
526 565 601 612 non
617 541 764 625 faciam,
795 566 871 612 nou
888 567 966 613 sum
990 546 1081 614 adeo
1098 567 1238 622 amens,
1292 556 1411 615 autem
1433 545 1536 616 vobis
1571 545 1611 614 in
1640 545 1853 618 memoriam
1875 549 2081 642 redigi'eius
2099 560 2224 646 temporis

236 646 308 720 'sed
331 644 431 735 prins
453 669 630 736 exponam
653 669 711 715 res
725 669 823 717 meas
846 658 979 736 gestas,
1006 659 1041 716 et
1062 660 1122 718 tua
1139 671 1239 716 men·
1292 659 1445 731 statum,
1477 661 1517 720 ot
1540 648 1679 739 singula
1710 649 1841 720 rectius
1864 649 2014 723 iudicari
2036 655 2167 745 possint,
2192 662 2226 730 ui

247 747 348 820 dacia
367 759 401 816 et
416 748 612 818 calumnias
630 749 805 817 refutabo.
858 748 913 819 De
928 749 1119 833 conviciis,
1146 773 1238 843 quae
1293 751 1466 842 temporis
1479 743 1672 822 momentis
1687 751 1931 826 consideratis.

246 855 286 922 in
312 875 369 918 me
394 849 617 942 congessisti,
659 863 803 942 postea,
842 851 871 921 si
892 865 1014 922 tamen
1036 852 1095 923 isti
1114 852 1238 924 audire
1388 851 1479 922 Cum
1495 848 1680 924 Phocense
1695 853 1826 924 bellum
1843 870 1980 928 motum
1998 871 2081 930 esset
2095 861 2226 930 nonneis

246 956 389 1035 volent,
416 955 544 1024 dicam.
1292 955 1449 1026 consiliis
1473 952 1651 1046 (nondum
1670 955 1765 1026 enim
1782 958 1827 1026 ad
1840 958 2100 1050 rempublicam
2121 987 2226 1032 arcesse

350 1055 465 1127 Multa
491 1069 611 1126 autem
630 1067 667 1125 et
679 1056 887 1147 gravissima
905 1055 1077 1139 crimina,
1098 1059 1142 1126 de
1160 1055 1239 1149 qui·
1292 1057 1401 1154 ram),
1409 1056 1626 1152 vosqoidem
1634 1052 1955 1132 Phocensesdeleri
1963 1063 2227 1158 nolebatis,quan

247 1163 315 1232 bus
329 1159 477 1230 ultimae
494 1181 630 1251 poenae
649 1171 684 1226 et
700 1158 908 1247 gravissima
925 1158 1098 1250 supplicia
1113 1185 1132 1228 a
1154 1158 1240 1248 legi·
1291 1158 1345 1230 vis
1360 1183 1504 1230 causmn
1520 1159 1605 1229 belli
1621 1183 1697 1229 non
1710 1161 1838 1232 iustam
1860 1159 2051 1249 habebant,
2067 1164 2227 1235 sed'lhcba·

247 1267 314 1336 bus
332 1261 523 1332 constituta
539 1273 640 1345 sunt,
666 1257 756 1330 mihi
774 1261 916 1341 obiicit;
944 1273 979 1330 et
994 1263 1160 1332 voluntas
1177 1262 1239 1331 ad·
1293 1285 1425 1333 norum
1444 1262 1648 1354 superbiam
1667 1263 1820 1354 reprimi
1834 1265 2027 1350 maluistis,
2053 1269 2164 1360 quibus
2175 1269 2230 1340 iuste

248 1365 398 1436 versarii
418 1378 470 1435 est
490 1363 736 1448 infestissima,
762 1365 868 1456 plena
889 1363 983 1448 odii,
1020 1364 1240 1434 crudelitatis
1292 1365 1554 1436 irascebamini.
1606 1363 1842 1458 Nequaquam
1869 1369 1965 1438 enim
1991 1370 2028 1437 in
2043 1373 2180 1440 secundis
2194 1395 2229 1438 re·

248 1483 285 1540 et
297 1467 538 1562 petulantiae,
564 1489 692 1560 meque
711 1467 877 1538 omnibus
893 1467 1036 1558 probris
1049 1479 1239 1537 oneratum
1291 1469 1358 1540 bus
1381 1479 1464 1558 post
1475 1465 1700 1536 Leuctricam
1728 1465 1916 1540 victoriam
1936 1472 2109 1542 moderati
2122 1475 2231 1544 locunt

249 1585 286 1643 et
301 1569 525 1640 contumeliis
541 1570 690 1660 perdere
706 1583 868 1642 conatur.
921 1569 1039 1638 Tanta
1061 1595 1146 1640 vero
1172 1569 1240 1638 cri-
1293 1571 1433 1641 Deinde
1458 1569 1677 1640 dissidebant
1703 1593 1829 1642 omnes
1855 1573 2018 1644 civitates
2044 1576 2079 1642 in
2103 1575 2230 1666 Pelopon

248 1673 347 1744 mina
372 1697 452 1742 cum
483 1667 572 1740 mihi
597 1672 785 1756 obiecerit,
822 1685 863 1743 ut
890 1671 1107 1766 nequidem
1135 1695 1240 1764 pares
1293 1699 1398 1757 urso,
1425 1695 1541 1766 neque
1558 1674 1834 1763 tantapotentia
1858 1689 1937 1745 erat
1959 1699 2102 1759 eorum,
2125 1677 2231 1771 quibs

249 1775 405 1846 inveniri
428 1797 566 1867 poenae
589 1787 742 1870 queant,
781 1776 889 1844 audet
912 1787 1054 1867 petere,
1081 1799 1126 1844 ne
1151 1770 1242 1844 mihi
1294 1776 1544 1848 cedaemonios
1561 1773 1731 1858 oderant,
1756 1789 1798 1846 ut
1818 1777 1938 1848 delere
1955 1802 2017 1850 eos
2032 1793 2177 1871 possent,
2194 1803 2231 1846 ne

249 1877 392 1950 dicendi
415 1890 572 1971 potestas
597 1878 823 1948 concedatur.
888 1874 1164 1948 Iniustissimnm
1189 1890 1242 1949 est
1295 1905 1364 1975 que
1383 1877 1490 1946 amici
1505 1875 1874 1950 Lacedaemoniorum
1891 1881 1977 1952 satis
1994 1883 2177 1952 autoritatis
2194 1895 2230 1950 aot

249 1995 390 2064 autem,
423 1993 459 2049 et
474 2003 704 2075 nequaquam
722 1979 819 2047 civili
833 1979 995 2050 societati
1013 1980 1242 2062 conveniens,
1294 1984 1427 2053 virium
1451 1980 1490 2050 in
1512 1978 1716 2050 civitatibus
1738 1976 1936 2066 habebant,
1962 1985 2029 2054 sed
2051 1985 2138 2077 apud
2152 1981 2232 2055 hosat

251 2083 335 2154 odio
366 2093 402 2151 et
426 2082 646 2174 petulantiae
676 2080 884 2176 cuiusquam
911 2074 1056 2174 largiri,
1090 2106 1135 2153 ne
1159 2107 1241 2156 reus
1295 2086 1385 2156 alios
1400 2103 1529 2172 magna
1546 2081 1725 2152 discordia
1747 2096 1782 2154 et
1798 2085 1960 2157 confusio
1976 2099 2067 2158 erat.

250 2185 429 2257 audiatur.
487 2183 526 2254 Si
551 2196 671 2254 autem
691 2185 897 2254 labefactari
924 2209 1022 2256 ame
1046 2185 1241 2279 rempubli-
1395 2185 1494 2255 llaec
1524 2205 1606 2254 cum
1635 2184 1772 2256 videret
1798 2183 1989 2282 Philippus
2024 2187 2147 2283 (neque
2171 2187 2231 2257 cair

250 2311 326 2358 cam
349 2287 389 2355 in
408 2287 516 2360 tantis
539 2288 665 2371 rebus,
691 2299 733 2358 ut
754 2311 850 2357 nunc
875 2288 1112 2372 vociferatur,
1138 2289 1241 2373 vidit,
1296 2301 1400 2360 erant
1421 2287 1611 2382 obscura),
1636 2290 1821 2360 conductis
1842 2295 2008 2362 mercede
2030 2291 2234 2383 proditoribus

249 2417 314 2462 cur
328 2413 404 2460 non
422 2387 476 2461 his
493 2389 580 2483 ipsis
593 2389 816 2482 temporibus
833 2391 1022 2484 meipsum
1038 2390 1241 2463 accusavit?
1294 2391 1415 2463 omnia
1431 2391 1525 2459 inter
1541 2413 1615 2460 sese
1632 2391 1889 2464 committebat.
1940 2393 2083 2466 Deinde
2103 2417 2140 2464 er
2151 2391 2234 2464 erratis

249 2519 313 2564 cnr
333 2517 409 2563 non
434 2491 517 2562 lecit
538 2517 595 2562 me
618 2517 719 2563 reum
735 2493 851 2563 laesae
867 2494 1082 2577 maiestatis,
1107 2495 1240 2588 siquid
1295 2495 1449 2566 aliorum
1472 2491 1661 2562 occasione
1679 2507 1830 2586 sumpta,
1838 2495 1913 2588 ipse
1931 2498 2162 2589 languelactos
2181 2497 2234 2564 ado

249 2597 305 2688 egi
322 2607 447 2666 contra
461 2592 745 2687 rempublicam?
779 2596 817 2666 Si
830 2597 898 2666 feci
913 2599 1094 2668 decretum
1114 2611 1240 2668 contra
1293 2598 1487 2669 riebatur.·
1530 2593 1622 2664 Cum
1657 2595 1788 2688 igitur
1796 2612 1947 2691 apparet
1974 2596 2159 2671 Thebanos
2186 2595 2234 2690 (qui

245 2697 362 2790 leges,
389 2721 451 2768 cur
466 2720 540 2766 non
557 2697 726 2791 opposuit
738 2692 829 2767 mihi
852 2700 1020 2770 usitatam
1047 2700 1240 2772 accusatio·
1293 2714 1400 2771 antea
1421 2698 1615 2769 insolentes
1635 2698 1799 2784 fuerunt,
1826 2725 1923 2772 nunc
1942 2704 2068 2775 miseri
2082 2703 2169 2796 sunt)
2189 2699 2235 2768 diu

247 2798 358 2871 nem?
406 2797 580 2874 Iniustum
612 2813 664 2870 est
694 2825 775 2870 eum
795 2797 1064 2895 Ctesiphontem
1090 2815 1241 2895 propter
1292 2802 1465 2874 turnitate
1487 2799 1573 2871 belli
1586 2793 1781 2872 Phocensis
1797 2799 1989 2878 exhaustos
2014 2831 2036 2876 a
2058 2806 2152 2877 vobis
2167 2825 2234 2894 open

248 2928 306 2974 me
330 2904 368 2972 in
384 2902 555 2973 iudicium
572 2926 720 2987 vocare,
747 2927 855 2996 quern
878 2905 1022 2999 quidem
1045 2930 1121 2975 non
1138 2929 1241 2976 accu·
1291 2906 1550 2998 imploraturos
1566 2925 1662 2986 esse,
1687 2927 1733 2974 ne
1749 2905 1787 2974 id
1807 2907 1928 2993 lieret,
1955 2905 2140 3002 Philippus
2153 2927 2235 2998 pacm

247 3019 376 3088 sasset,
400 3005 431 3076 si
455 3020 629 3098 sperasset
652 3029 711 3075 me
733 3005 830 3076 vinci
850 3031 966 3099 posse.
1019 3007 1093 3078 Scit
1114 3008 1152 3076 in
1172 3003 1241 3078 hac
1292 3009 1415 3090 vobis,
1441 3001 1624 3077 Thebanis
1640 3007 1813 3078 auxilium
1830 3012 2083 3102 promittebat,
2108 3036 2148 3080 ne
2162 3010 2235 3079 Grae

129 3141 133 3154 ¹
245 3106 430 3200 republica
446 3107 582 3199 legibus
594 3133 716 3182 severe
738 3111 930 3181 constituta
955 3136 1029 3182 esse
1052 3111 1182 3182 indicia
1206 3125 1243 3182 et
1293 3113 1368 3182 ciae
1392 3108 1553 3179 civitates
1575 3108 1891 3201 coniungerentur.
1965 3115 2072 3208 Quae
2093 3139 2146 3184 res
2164 3112 2234 3203 igitur

249 3233 411 3304 poenas,
462 3211 591 3304 quibus
621 3213 791 3284 adversus
825 3236 882 3281 me
912 3215 966 3282 oti
995 3214 1241 3306 multipliciter
1293 3215 1432 3286 adiuvit
1454 3233 1556 3294 eum,
1587 3223 1628 3281 ut
1651 3235 1714 3283 vos
1736 3215 1864 3285 [raude
1884 3215 2142 3288 circmnventos
2160 3233 2234 3306 paen

248 3325 402 3408 poterat.
463 3312 545 3402 Quo
571 3313 602 3384 si
625 3315 776 3396 laceret,
809 3314 947 3384 abesset
969 3315 1173 3402 simulatio,
1206 3328 1241 3386 et
1292 3319 1453 3388 volentes
1462 3313 1629 3404 caperet?
1654 3314 1818 3398 Aliorum
1828 3317 2053 3390 Graecorum
2068 3345 2126 3391 seu
2135 3313 2233 3409 ignaria

249 3414 384 3486 directa
406 3414 584 3484 accusatio
607 3440 689 3485 com
710 3415 785 3485 eius
806 3416 992 3488 voluntate
1016 3433 1239 3509 congrueret.
1292 3443 1355 3492 seu
1370 3415 1593 3509 impudentia
1609 3439 1672 3487 seu
1686 3429 1895 3514 utrumque,
1909 3422 1987 3516 qui,
2007 3448 2087 3494 cum
2103 3446 2161 3514 pro
2174 3441 2234 3486 con

221 3517 353 3590 'Nunc
373 3515 496 3587 relicta
519 3531 615 3588 recta
646 3529 807 3589 metuens
831 3518 1031 3590 evidentem
1054 3522 1240 3592 refutatio·
1293 3523 1395 3592 muri
1409 3519 1523 3594 salute
1537 3517 1685 3610 longum
1702 3532 1737 3590 et
1757 3522 1938 3594 assiduum
1953 3526 2088 3597 bellum
2103 3517 2235 3615 gereretis,

248 3643 360 3704 nem,
400 3620 560 3689 convicia
597 3633 632 3692 et
660 3621 838 3692 virulenta
868 3621 983 3706 dicta,
1028 3637 1064 3694 et
1092 3625 1237 3720 quidem
1292 3649 1357 3695 nec
1371 3621 1547 3717 pecunia,
1572 3644 1639 3690 nec
1659 3622 1742 3694 ullis
1766 3624 1907 3698 auxiliis
1933 3652 1999 3700 vos
2022 3629 2140 3698 iuvare
2155 3623 2235 3691 volae

247 3737 331 3817 post
345 3728 400 3792 tbt
416 3745 551 3806 annos,
578 3719 681 3817 quasi
697 3725 735 3794 in
757 3747 862 3796 scena
885 3724 1023 3798 recitat.
1075 3726 1137 3798 Me
1160 3729 1239 3824 qui·
1292 3740 1389 3800 runt.
1440 3723 1505 3795 His
1529 3721 1638 3814 igitur
1663 3723 1753 3796 iuste
1774 3727 1990 3814 irascentes,
2016 3727 2173 3821 Philippo
2191 3745 2234 3792 ne

247 3827 331 3896 dem
351 3847 436 3894 vere
457 3837 603 3917 petens,
636 3829 698 3896 sed
721 3852 801 3896 cum
824 3827 895 3897 alio
919 3829 1131 3921 inspeciem
1154 3855 1240 3902 con·
1292 3831 1397 3904 sistis.
1449 3825 1632 3896 Haecfuit
1652 3851 1780 3914 muta,
1806 3832 2002 3902 601θῦῑωὶ
2021 3827 2232 3902 adfatitfflffl

249 3927 422 4020 greditur.
490 3925 643 3997 Etcum
672 3929 719 3999 sit
741 3953 825 4000 vere
849 3955 950 4001 meus
973 3925 1104 4016 hostis,
1139 3946 1179 4004 ut
1200 3933 1239 4004 in
1290 3957 1416 4026 pacem
1443 3944 1529 4000 tunc
1557 3927 1719 3999 inclinati
1748 3931 1901 4017 fuerint,
1940 3935 2043 4008 cuius
2070 3959 2132 4026 ego
2150 3945 2234 4002 susat

248 4045 326 4102 tota
344 4029 571 4102 accusatione
588 4043 749 4122 apparet,
767 4044 889 4103 tamen
905 4057 1046 4104 mecum
1064 4061 1140 4106 non
1155 4061 1239 4106 con·
1292 4056 1522 4130 nequaquam
1537 4029 1610 4115 lui,
1633 4045 1674 4102 ut
1686 4031 1752 4104 iste
1767 4037 2022 4111 calumniatur.
2065 4038 2129 4108 Sed
2143 4032 2232 4103 horno

185 4173 188 4178 ·
247 4134 428 4226 graditur,
452 4131 514 4203 sed
530 4133 672 4227 quaerit
688 4133 811 4218 alium,
837 4161 944 4230 quem
961 4160 1079 4228 poena
1096 4140 1239 4224 afficiat,
1292 4136 1534 4230 praesentium
1550 4133 1730 4206 malorum
1745 4137 1775 4207 si
1790 4139 1965 4233 quievere
1982 4140 2234 4212 consideretur

215 4271 216 4274 ¹
248 4249 284 4306 et
308 4235 482 4330 dignitate
506 4248 543 4304 et
563 4236 659 4306 lama
674 4237 815 4327 spoliet.
866 4237 991 4333 ltaque
1007 4254 1152 4333 praeter
1168 4243 1237 4312 alia
1292 4267 1369 4325 sas,
1403 4237 1540 4310 semina
1564 4249 1650 4308 tunc
1673 4240 1820 4311 luerunt
1840 4237 2027 4315 Aeschinis
2051 4255 2086 4312 et
2106 4235 2231 4312 similium

247 4341 382 4425 multa,
415 4361 507 4432 quae
530 4361 597 4429 pro
620 4334 850 4431 Ctesiphonte
882 4341 954 4411 dici
979 4343 1138 4434 possint,
1170 4339 1240 4414 hoc
1292 4341 1463 4437 perfidia,
1489 4351 1524 4409 et
1547 4337 1660 4410 multa
1683 4343 1818 4413 scelera
1842 4344 1919 4416 eius
1938 4345 2140 4438 legationis,
2167 4335 2233 4408 cu'mt

248 4442 356 4512 etiam
388 4442 499 4510 modo
529 4442 674 4512 defendi
704 4440 865 4525 videtur,
897 4444 1031 4516 iustum
1061 4472 1136 4520 esse
1172 4473 1252 4520 nos*
1292 4469 1389 4518 nunc
1411 4441 1633 4514 mentionem
1656 4443 1772 4531 facio,
1795 4439 1890 4517 hanc
1912 4447 2029 4540 ipsam
2055 4448 2099 4517 ob
2118 4459 2232 4514 cauam,

247 4543 345 4635 ipsos
368 4543 555 4636 congredi,
580 4543 611 4614 si
627 4543 772 4640 quidem
790 4557 926 4618 certare
949 4549 1137 4635 vellemus,
1164 4575 1239 4622 non
1291 4562 1333 4621 ut
1348 4546 1480 4618 veritas
1494 4556 1580 4615 nota
1597 4542 1654 4614 sit.
1706 4545 1745 4615 si
1766 4547 1854 4641 quid
1875 4549 1971 4620 enim
1992 4549 2123 4621 fraudis
2142 4537 2230 4614 initia

247 4644 355 4740 plecti
378 4646 486 4717 alium
512 4659 662 4740 propter
682 4671 760 4718 nos.
813 4645 910 4720 Haec
936 4664 990 4722 est
1011 4653 1107 4724 enim
1128 4654 1239 4726 excel·
1281 4653 1353 4722 ¹illa
1369 4651 1487 4744 prima
1501 4642 1868 4740 pacificatione,nihil
1881 4655 1927 4722 ad
1944 4677 2003 4724 me
2018 4640 2147 4723 attinet.
2168 4643 2229 4716 Nan

245 4747 323 4819 lens
344 4747 529 4820 iniustitia.
745 4779 746 4782 ¹
1043 4793 1046 4802 ‚
1292 4755 1370 4828 eins
1382 4753 1480 4847 pacis
1496 4760 1602 4821 autor
1616 4748 1686 4820 fuit
1697 4750 1944 4828 Aristodemus
1958 4751 2102 4838 histrio,
2120 4749 2231 4836 scriptor

147 4853 152 4859 ’
351 4849 442 4922 Cum
477 4851 587 4943 igitur
619 4848 688 4923 hoc
721 4857 830 4926 modo
866 4859 1081 4929 veteratorie
1115 4872 1151 4930 et
1183 4883 1239 4930 ca·
1291 4881 1379 4930 vero
1393 4853 1629 4936 Philocrates,
1642 4853 1760 4928 socius
1777 4867 1925 4930 tuorum
1942 4858 2170 4934 consiliorum,
2181 4861 2228 4916 ott

145 4965 149 4982 '
245 4955 426 5026 lumniose
439 4953 601 5026 instituta
627 4956 674 5028 sit
687 4959 887 5044 accusatio,
912 4984 987 5032 non
1001 4974 1054 5032 est
1068 4961 1144 5034 eius
1159 4987 1240 5034 ora·
1291 4984 1475 5042 meorum,
1507 4979 1625 5049 neque
1650 4955 1682 5028 si
1701 4959 1879 5032 mentiens
1904 4961 2091 5054 rumperis.
2135 4947 2230 5024 Suffi*

247 5057 341 5130 tioni
354 5054 519 5129 habenda
536 5060 641 5144 tides,
667 5071 840 5133 ettamen
855 5065 900 5146 ad
915 5063 1055 5157 singula
1075 5067 1237 5138 membra
1291 5077 1432 5156 gatores
1463 5083 1551 5129 vero
1576 5055 1638 5152 (de
1661 5083 1733 5152 qua
1758 5085 1864 5134 cansa
1887 5064 2033 5160 omitto)
2058 5053 2229 5132 Eubulustl

16 5227 20 5239 ι
148 5186 149 5189 ’
247 5169 484 5254 responsurus
499 5187 592 5233 sum.
641 5161 689 5232 Et
703 5164 863 5255 primum
878 5167 1043 5238 refutabo
1057 5177 1119 5252 ea,
1145 5193 1238 5262 quae
1290 5157 1546 5259 Cephisophon
1559 5160 1616 5259 ⁸),
1645 5184 1712 5254 ego
1735 5189 1928 5261 nusquam.
1985 5165 2078 5236 llaec
2098 5182 2164 5230 con
2179 5148 2227 5220 siti

165 5387 167 5391 ι
247 5263 292 5381 de
315 5264 494 5381 legatione
519 5266 565 5334 ad
585 5260 794 5384 Philippum
810 5269 916 5386 pacis
931 5269 1114 5387 laciendpe
1130 5293 1236 5387 causa
1291 5287 1590 5400 mm]
1613 5331 1655 5387 ,κ
1678 5333 1840 5400 mmm
1855 5349 1890 5383 a
1907 5327 2097 5404 ‘ww-73
2118 5321 2160 5378 „g
2173 5307 2224 5368 ,gr

246 5386 287 5434 sn
309 5389 429 5454 primo
449 5365 544 5436 bello
566 5390 673 5476 missa
698 5368 788 5442 salso
807 5393 847 5440 m
867 5394 927 5440 me
951 5373 1124 5458 contnlrt,
1156 5397 1238 5444 rom
1357 5402 1551 5470 onustum.
2135 5443 2138 5448 .
