4560 5792
17 201 77 278 m
130 175 271 320 raram¹
289 201 325 271 a.
368 127 769 308 nrubraarauo
794 195 1057 274 onanoms
1083 195 1427 272 onrnrnncau
1452 195 1511 270 111.
1542 178 1896 312 nuuosrxmnu.
1958 195 2048 274 ass-

15 374 156 471 publicae
169 374 323 444 formam
339 394 382 440 ac
394 357 557 444 instituta
575 397 651 444 sese
667 371 912 457 continebant,
931 384 984 455 ut,
1037 342 1287 444 senmurum
1304 383 1377 456 est,
1403 383 1506 442 tanto
1530 394 1586 442 res
1607 367 1770 464 privatae
1789 371 1934 442 illorum
1955 395 2033 442 ma·
2051 396 2061 452 J

14 477 120 572 siquis
134 489 287 548 vestrum
303 473 483 546 Aristidae
498 489 561 548 aut
576 475 770 559 Miltiadis,
792 488 855 552 aut
870 487 985 546 caete·
1037 473 1091 565 gis
1124 487 1366 546 accreverunt.
1391 550 1394 556 ,
1433 475 1536 568 Quae
1563 474 1672 566 igitur
1700 473 1863 546 omnium
1898 469 2032 544 borum

12 605 138 662 rorum,
161 575 223 671 qui
250 589 335 647 tuuc
355 577 536 668 splendidi
550 573 796 664 habebantur,
822 582 985 662 domum,
1035 599 1140 648 causa
1164 575 1241 648 est?
1274 587 1337 648 aut
1362 600 1424 648 cur
1445 578 1592 648 tandem
1615 577 1860 670 superioribus
1884 575 2050 672 quidem,

12 682 246 778 qualiscunque
275 703 317 748 ea
349 679 415 764 sit,
455 673 591 765 sorita
614 681 734 756 videat
765 705 845 752 eam
867 676 985 751 nihilo
1037 679 1260 775 temporibus
1275 680 1397 750 omnia
1413 680 1504 751 bene
1520 680 1768 750 administrata
1789 683 1909 764 fuere,
1935 703 2034 750 nuuc
2108 721 2111 726 ·
2180 749 2187 780 Ι

12 785 204 878 ampliorem
235 805 276 852 ac
299 780 500 874 digniorem
524 809 598 858 esse
621 809 732 880 quam
753 783 910 855 cuiusvis
934 783 986 852 vi·
1037 785 1163 854 autem
1174 782 1316 853 diverso
1332 784 1444 854 modo
1466 808 1509 854 ac
1531 785 1624 854 male
1645 781 1842 875 geruntur?
1893 781 2033 874 Nempe

11 889 79 960 cini.
127 885 250 979 Neque
267 884 363 956 enim
388 911 451 972 ea,
484 911 577 983 quae
600 891 648 958 ad
670 887 852 958 civitatem
875 887 985 981 perti-
1038 885 1136 980 quod
1149 884 1333 977 principio
1353 885 1499 981 quidem
1521 887 1696 978 populus,
1730 889 1815 959 dum
1840 885 1914 978 ipse
1937 883 2031 954 mili·

10 991 146 1090 nebant,
172 987 223 1058 ita
246 989 466 1074 tractabant,
499 1002 540 1062 ut
563 988 632 1084 ipsi
652 990 904 1085 locupletiores
925 991 986 1060 fie-
1036 1001 1114 1058 tare
1134 989 1345 1071 sustineret,
1379 1001 1415 1058 et
1435 988 1479 1060 iis
1499 988 1718 1081 imperabat,
1751 990 1816 1084 qui
1838 1001 1915 1059 tum
1937 1009 2032 1058 rem·
2120 1043 2123 1050 .

10 1106 94 1174 rent,
130 1092 193 1163 sed
220 1090 482 1182 'rempublicam
513 1092 581 1164 sibi
609 1092 761 1189 quisque
783 1095 985 1185 augendam
1037 1089 1216 1183 publicam
1253 1092 1508 1183 capessebant,
1559 1104 1594 1163 et
1628 1090 1797 1196 dominus
1837 1091 1912 1184 ipse
1954 1103 2033 1160 erat

12 1220 71 1268 ease
86 1193 345 1266 existimabant.
392 1195 520 1289 'Quare
546 1208 583 1266 et
606 1222 649 1268 ex
672 1221 735 1282 eo,
767 1198 865 1292 quod
888 1221 986 1266 com·
1038 1193 1202 1264 omnium
1225 1193 1418 1267 bonorum.
1486 1191 1543 1264 llli
1573 1195 1733 1264 contenti
1765 1206 1869 1264 erant
1900 1192 2034 1284 singuli
2107 1254 2109 1268 ,

11 1323 119 1368 munes
146 1321 204 1368 res
233 1296 456 1369 Graecorum
487 1298 639 1370 fideliter
674 1298 987 1383 administrabant,
1039 1297 1219 1389 apopulo
1235 1291 1431 1381 honorem,
1466 1309 1531 1368 aut
1554 1295 1824 1388 magistratum,
1854 1309 1917 1366 aut
1936 1294 2035 1366 aliud

10 1400 90 1473 Deos
107 1399 271 1492 religiose
286 1422 329 1470 ac
343 1399 403 1494 pie
419 1402 603 1486 colebant,
629 1402 724 1474 inter
747 1427 786 1474 se
807 1403 904 1496 ipsos
923 1425 988 1471 au·
1039 1400 1189 1495 aliquod
1211 1401 1441 1472 commodum
1465 1398 1652 1492 accepisse.
1709 1398 1815 1470 Nunc
1836 1410 1957 1470 autem
1979 1397 2065 1486 dt,

11 1517 69 1574 tem
86 1502 338 1598 aequalitatem
359 1503 628 1590 custodiebant,
662 1529 830 1598 magnam
856 1504 986 1574 merito
1039 1527 1182 1576 versum
1208 1501 1347 1574 accidit.
1398 1501 1493 1576 Nam
1520 1500 1659 1573 domini
1683 1501 1829 1596 quidem
1852 1502 2034 1573 bonorum

11 1606 194 1676 felicitatem
224 1607 404 1678 consecuti
436 1621 531 1682 suot.
590 1611 643 1678 Ac
666 1619 751 1680 tunc
772 1607 918 1704 quidem
942 1609 987 1677 ad
1039 1618 1123 1680 sunt
1138 1605 1184 1689 ii,
1215 1605 1279 1699 qui
1295 1605 1551 1698 rempublicam
1568 1603 1822 1676 administrant
1837 1617 1874 1675 et
1887 1627 1952 1696 per
1967 1597 2035 1674 bos

11 1705 90 1780 hunc
103 1712 251 1782 modum
269 1705 426 1780 habebat
439 1735 478 1785 se
493 1712 691 1803 respublica
708 1711 778 1784 illis
798 1707 892 1782 banc
910 1735 988 1783 sao-
1040 1707 1162 1780 omnia
1193 1721 1385 1798 geruntur;
1425 1719 1633 1780 vosautem
1658 1708 1833 1800 populus,
1873 1705 2035 1777 enervati

13 1813 221 1897 durantibus,
253 1837 343 1906 quos
364 1813 473 1905 modo
498 1813 592 1898 diri,
628 1813 828 1908 praefectis.
884 1807 989 1888 Nune
1041 1824 1149 1906 atque
1176 1810 1355 1902 amputati
1384 1809 1536 1904 pecunia
1566 1821 1602 1881 et
1629 1809 1755 1895 sociis,
1797 1809 1892 1882 servi
1925 1821 2035 1903 atque

13 1927 114 1988 autem
130 1940 203 2011 quo
222 1929 328 2008 pacto
346 1939 403 1988 res
417 1917 519 1988 vobis
543 1941 580 1989 sc
603 1912 757 2002 babent,
792 1917 858 1988 sub
884 1941 989 2011 prae·
1041 1912 1249 2007 appendicis
1277 1912 1391 1986 instar
1419 1915 1505 1984 facti
1534 1915 1638 1999 estis,
1680 1912 1858 1997 conteuti,
1891 1909 2036 2007 siquid

14 2017 254 2114 sentibus,istis
277 2013 487 2092 hominibus
514 2020 610 2112 frugi
639 2045 680 2091 ac
710 2019 839 2092 bonis?
873 2044 988 2116 ecquo
1041 2012 1226 2090 theatralis
1255 2015 1428 2109 pecuniae
1460 2015 1563 2089 vobis
1595 2017 1654 2088 isti
1686 2017 1882 2112 aliquando
1917 2012 2036 2086 distri·

14 2123 105 2192 nodo
126 2119 328 2206 serviliter,
360 2135 556 2217 autprope
578 2122 730 2194 saltem?
780 2124 832 2194 Ac
850 2135 987 2194 caetera
1041 2122 1176 2204 buunt,
1217 2131 1280 2189 aut
1308 2120 1455 2192 buculas
1479 2119 1618 2215 aliquas
1638 2121 1737 2190 dono
1762 2119 1922 2190 mittunt.
1988 2112 2048 2188 Et·

15 2224 137 2317 quidem
153 2237 279 2310 taceo,
303 2225 447 2297 tametsi
460 2228 573 2299 multa
588 2220 658 2298 boc
676 2228 757 2298 loco
780 2227 915 2319 possim
935 2226 991 2296 di·
1043 2226 1142 2318 quod
1175 2221 1338 2294 omnium
1373 2223 1661 2317 indignissimum
1688 2236 1760 2306 est,
1808 2245 1877 2314 pro
1910 2217 2047 2292 vestris.

14 2349 86 2398 cere.
146 2325 242 2398 Illud
262 2340 382 2399 autem
407 2353 532 2401 omnes
554 2329 700 2414 videtis,
741 2331 788 2400 ad
817 2343 990 2425 quantam
1043 2327 1205 2419 ipsorum
1228 2325 1335 2396 rebus
1357 2327 1454 2398 ultro
1486 2325 1593 2400 etiam
1623 2325 1776 2420 gratiam
1807 2324 1937 2396 debere
1966 2319 2037 2390 illis

15 2429 226 2501 solitudinem
247 2444 460 2523 perventum
483 2446 554 2518 est,
594 2430 889 2504 Lacedaemoniis
912 2432 991 2528 qui·
1041 2427 1218 2500 fatemini.
1279 2426 1337 2498 lfli
1359 2443 1479 2502 antem
1503 2429 1541 2500 in
1566 2423 1691 2500 eadem
1713 2429 1823 2511 urbe,
1863 2439 2046 2520 tanquam.

16 2532 80 2602 dem
99 2533 279 2626 oppressis
302 2559 343 2604 ac
366 2535 536 2628 perditis,
579 2531 762 2608 Thebanis
785 2535 865 2608 aliis
885 2537 991 2608 rebus
1043 2555 1150 2603 cavea
1169 2531 1288 2626 aliqua
1306 2531 1527 2606 includentes
1551 2557 1636 2618 vos,
1668 2531 1761 2605 ultra
1783 2529 1891 2600 etiarn
1919 2525 2047 2602 verbis.

16 2637 193 2729 occupatis,
237 2649 461 2710 caeterorum
492 2651 612 2710 autem
642 2639 749 2710 nullis
780 2637 919 2711 idoneis
950 2663 992 2709 ac
1043 2636 1247 2707 subducunt
1259 2647 1295 2706 et
1309 2635 1614 2720 mansuefaciunt,
1648 2635 1852 2728 cicuresque
1869 2631 1939 2702 sibi
1959 2630 2041 2699 red·
2144 2644 2172 2704 “.

15 2737 112 2830 dignis
135 2740 390 2826 existentibus,
422 2741 486 2837 qui
509 2743 554 2826 de
578 2742 785 2835 principatu
804 2741 991 2813 nobiscum
1044 2739 1146 2810 dunt.
1198 2737 1531 2834 Nunquam‘autem
1547 2738 1735 2834 cuiquam,
1757 2735 1912 2829 opinor,
1936 2731 2041 2804 facile
2091 2773 2105 2795 .

16 2845 230 2915 contendant.
272 2843 363 2916 Cum
381 2856 500 2916 autem
514 2844 637 2916 liceret
652 2845 777 2932 nubis,
803 2855 992 2916 etnostras
1045 2855 1117 2926 est,
1142 2865 1313 2935 magnum
1330 2866 1372 2913 ac
1385 2865 1599 2935 generosum
1615 2839 1753 2937 aliquid
1774 2839 1814 2908 in
1836 2836 1959 2908 animo
1984 2835 2039 2904 in·
2110 2859 2119 2866 ’

16 2945 104 3016 resin
119 2959 195 3018 tuto
219 2971 450 3033 conservare,
474 2959 509 3017 et
525 2946 736 3045 aliorumfl)
753 2948 845 3020 iusta
863 2947 993 3020 consti·
1044 2944 1210 3027 stituere,
1250 2944 1315 3039 qui
1343 2944 1436 3016 circa
1460 2959 1535 3016 tam
1558 2968 1671 3037 parva
1694 2966 1736 3012 ac
1757 2941 1842 3010 vilia
1867 2949 2041 3010 versatur.
2071 3017 2073 3024 ¹
2146 2980 2153 2994 ι

17 3058 97 3119 tuere
113 3063 224 3146 atque
240 3051 444 3137 moderari,
476 3050 660 3124 amisimus
676 3052 745 3144 ipsi
760 3053 905 3147 quidem
922 3063 994 3120 ter·
1046 3047 1320 3144 Qualiacunque
1343 3047 1440 3118 enim
1463 3046 1581 3120 studia
1602 3041 1793 3118 bominum
1810 3055 1912 3126 sunt,
1953 3040 2042 3112 talia

16 3173 62 3222 ras
87 3165 250 3239 nostras,
286 3153 442 3246 amplius
472 3167 594 3226 autem
622 3179 731 3250 quam
758 3154 857 3224 mille
889 3153 994 3250 quin·
1046 3165 1082 3221 et
1096 3151 1243 3223 consilia
1260 3151 1565 3246 cogitationesque
1580 3173 1705 3222 eorum
1724 3161 1955 3230 essejuecesse
1977 3155 2042 3216 est.

17 3267 103 3344 genta
124 3257 282 3340 talenta,
321 3257 454 3328 frustra
478 3271 586 3353 atque
610 3257 805 3342 inutiliter,
838 3257 877 3326 in
901 3279 994 3352 quae
1045 3254 1164 3348 Atque
1184 3251 1272 3325 baec
1293 3254 1440 3349 quidem
1461 3278 1526 3348 per
1549 3253 1716 3324 Cererem
1743 3249 1892 3322 minime
1915 3245 2043 3329 miror,

16 3357 146 3431 minime
159 3385 255 3456 opus
269 3357 357 3443 fuit,
384 3360 629 3454 expendimus.
659 3359 707 3431 Et
723 3385 813 3456 quos
828 3360 924 3430 bello
938 3385 995 3430 so·
1046 3357 1077 3430 si
1096 3356 1229 3429 dicenti
1243 3354 1334 3426 mibi
1347 3357 1463 3429 maius
1479 3357 1628 3452 aliquod
1642 3357 1778 3426 malum
1794 3377 1815 3424 a
1834 3351 1934 3422 vobis
1958 3373 2043 3420 con-

18 3459 77 3532 cina
96 3463 197 3534 nobis
228 3485 504 3554 paraveramus,
544 3458 611 3536 bos
634 3464 691 3536 isti
714 3488 802 3558 pace
824 3464 995 3536 existente
1048 3461 1187 3544 cibant,
1221 3484 1330 3555 quam
1354 3460 1423 3532 illis
1446 3460 1552 3553 ipsis,
1587 3459 1650 3554 qui
1664 3483 1711 3528 ea
1732 3459 1859 3529 fecere.
1916 3453 2043 3548 Neque
2087 3460 2112 3537 ,“

17 3563 206 3638 amiserunt.
284 3565 433 3637 Hostem
469 3577 588 3638 antem
624 3577 748 3637 contra
792 3591 860 3638 nos
899 3566 997 3659 ipsos
1048 3564 1146 3634 enim
1162 3562 1305 3633 dicendi
1320 3563 1467 3634 libertas
1483 3563 1579 3654 apud
1595 3585 1659 3631 vos
1680 3583 1822 3651 semper
1843 3559 2044 3651 eodemque

17 3676 138 3738 tanturn
184 3679 313 3740 nostra
354 3668 460 3740 nobis
500 3692 610 3763 opera
654 3667 846 3740 effecimus.
923 3669 998 3738 Aut
1049 3665 1290 3734 modulorum
1310 3665 1466 3747 obtinet,
1492 3677 1601 3757 atque
1618 3662 1708 3732 adeo
1732 3662 1840 3730 etiam
1862 3683 1958 3730 nunc
1980 3657 2043 3727 ob

19 3767 100 3841 dicat
132 3767 227 3848 mihi
264 3770 442 3867 quispiam
470 3767 541 3843 buc
571 3774 757 3843 accedens:
804 3765 997 3841 Undenam
1049 3767 1164 3856 tinere
1181 3767 1307 3838 miror.
1358 3767 1480 3860 Quare
1495 3766 1525 3838 si
1539 3763 1596 3836 vel
1611 3788 1708 3834 nunc
1728 3764 1875 3834 tandem
1896 3757 2043 3832 mutatis

18 3871 146 3945 aliunde
186 3888 309 3946 tantas
343 3875 436 3947 vires
469 3887 677 3946 consecutus
710 3885 763 3946 est
795 3871 999 3966 Philippus,
1051 3866 1146 3941 bisce
1161 3868 1327 3962 moribus,
1340 3869 1526 3941 volueritis
1538 3867 1708 3953 militare,
1722 3880 1770 3951 et,
1783 3879 1824 3938 ut
1840 3865 1942 3936 vobis
1958 3861 2044 3956 ipsis

19 3999 113 4068 quam
145 4005 163 4048 a
194 3975 329 4048 nobis?
387 3980 435 4050 At
465 3974 552 4049 heus
584 3990 644 4062 tu,
688 3977 828 4070 inquiet
857 3975 999 4070 aliquis,
1050 3973 1199 4065 dignum
1215 3984 1280 4057 est,
1303 3995 1421 4063 agere,
1438 3971 1736 4068 facultatibusque
1750 3968 1954 4042 domesticis
1968 3965 2069 4080 istisx

19 4081 103 4170 quod
131 4082 160 4152 si
189 4081 280 4152 foris
304 4075 393 4150 baec
418 4105 605 4174 perperam
629 4079 877 4150 administrata
904 4091 1000 4163 sunt,
1052 4078 1097 4147 ad
1114 4074 1318 4147 occasiones
1333 4069 1562 4147 externorum
1577 4077 1852 4146 commodorum
1866 4071 1940 4156 uti,
1972 4069 2046 4140 for·

19 4177 70 4250 illa
85 4195 203 4254 tamen
221 4184 341 4267 domi,
368 4195 403 4253 et
418 4183 457 4252 iu
472 4183 548 4276 ipsa
565 4184 654 4255 urbe
672 4183 799 4255 melius
814 4189 891 4258 sese'
905 4206 1000 4253 nunc
1051 4177 1173 4260 tassis,
1200 4177 1269 4247 viri
1282 4174 1537 4262 Athenienses,
1568 4178 1727 4251 fortassis
1741 4177 1896 4249 solidum
1912 4196 1955 4243 ac
1968 4193 2045 4240 ma·

19 4275 150 4358 babent.
202 4288 321 4382 Atque
344 4288 435 4356 adeo
461 4287 548 4381 quid
573 4285 702 4381 aliquis
724 4311 821 4358 nunc
846 4310 1001 4358 comme·
1052 4307 1162 4375 gnum
1180 4281 1327 4376 aliquod
1345 4279 1798 4364 emolumentumfacietis‚
1826 4275 2046 4373 quaestibus·

21 4401 124 4458 rnoret
139 4389 431 4484 propugnanda,
458 4415 549 4483 quae
565 4413 673 4483 opere
688 4389 840 4460 tectorio
863 4390 1001 4460 induci·
1053 4383 1179 4482 que“)
1195 4380 1444 4457 huiuscemodi
1460 4385 1663 4476 captandis,
1696 4383 1864 4474 deinceps
1879 4375 2047 4450 liberabi·
2067 4445 2076 4466 x

21 4489 113 4562 mus?
140 4506 203 4563 aut
216 4491 311 4576 vias,
337 4517 427 4588 quas
444 4491 709 4564 instauramus?
755 4493 888 4564 Fontes
904 4491 1002 4577 item,
1054 4489 1164 4572 mini,
1204 4512 1295 4584 quae
1327 4489 1472 4583 quidem
1496 4512 1570 4559 non
1592 4487 1691 4569 aliud
1712 4487 1900 4568 videntur,
1937 4497 2048 4578 quani

23 4603 52 4660 ct
72 4594 225 4690 reliquas
248 4594 384 4694 nugas?
446 4595 603 4690 Aspicite
626 4596 736 4688 igitur
758 4599 805 4668 ad
826 4621 906 4682 eus,
940 4595 1004 4691 qui
1055 4591 1189 4663 cibaria
1206 4591 1264 4660 illa
1281 4592 1402 4662 tenuia
1418 4616 1459 4662 ac
1475 4590 1637 4674 modica,
1669 4614 1762 4684 quae
1779 4585 2048 4681 aegrotantibus

22 4694 138 4770 talibus
161 4699 419 4793 rempublicam
444 4697 715 4784 administrant,
753 4725 908 4796 qnorum
942 4697 1004 4767 alii
1055 4693 1619 4766 amedicisdaciconsueverunt.
1670 4691 1722 4761 Ea
1740 4692 1835 4762 enim
1852 4713 1968 4786 neque
1988 4713 2049 4760 rs-

24 4798 155 4888 qnidem
175 4827 218 4874 ex
239 4802 412 4873 mendicis
433 4803 595 4896 opulenti
617 4803 699 4872 facti
722 4817 824 4887 sunt,
856 4802 917 4872 alii
942 4826 1004 4872 au·
1055 4799 1124 4870 bur
1148 4796 1296 4891 aliquod
1320 4799 1458 4870 addunt
1480 4796 1651 4880 infirmis,
1683 4819 1799 4890 neque
1820 4795 1928 4865 etiam
1954 4792 2050 4864 mori

24 4909 85 4970 tem
110 4928 151 4974 ex
173 4906 366 4978 infamibus
388 4901 548 4994 honesti,
583 4905 730 5000 quidam
754 4907 861 4977 etiarn
884 4905 1005 4998 priva·
1056 4903 1191 4974 sinunt.
1242 4901 1300 4971 Sic
1315 4913 1350 4970 et
1363 4901 1446 4986 illa,
1471 4925 1563 4997 quae
1580 4925 1645 4972 vos
1659 4923 1756 4970 nunc
1776 4898 1967 4971 distributo
1993 4919 2050 4966 ac·

25 5011 70 5072 tas
91 5029 170 5079 suas
193 5009 341 5093 domus,
377 5009 530 5101 publicis
553 5009 722 5081 aedificiis
747 5008 941 5103 ampliores
964 5034 1006 5079 ac
1057 5001 1193 5098 cipitis‚
1216 5027 1333 5099 neque
1350 5016 1449 5074 tanta
1464 5017 1567 5088 sunt,
1588 5015 1628 5074 ut
1641 5001 1874 5075 sufficientem
1890 4999 2047 5094 aliquam
2081 5075 2084 5080 ¹

26 5103 194 5195 digniores
213 5124 453 5192 extruxerunt,
505 5111 653 5205 Quanto
669 5125 789 5184 autem
806 5112 1004 5206 respublica
1058 5108 1250 5179 utilitatem
1277 5107 1404 5177 afferre
1427 5120 1580 5201 queant,
1613 5129 1731 5202 neque
1755 5108 1897 5190 r'ursum
1926 5105 2049 5194 despe-
2131 5109 2133 5114 ’

990 5232 994 5240 ·
1058 5223 1180 5282 rantes
1209 5210 1308 5280 aliud
1335 5210 1471 5306 aliquid
1498 5235 1602 5304 agere
1634 5211 1776 5292 sinunt,
1818 5208 1881 5280 sed
1910 5217 2052 5276 tantum

29 5277 221 5301 '¹'¹······—··—

57 5375 102 5433 tt)
119 5380 248 5444 attorun]
269 5383 310 5434 sto
327 5383 490 5448 scripsimus
506 5387 557 5445 (ε
575 5383 717 5437 Bennett.
736 5383 790 5434 sofr
806 5378 933 5446 ettam
957 5381 1009 5433 nc.

92 5447 162 5502 Μ.
181 5459 277 5505 errore
294 5455 424 5520 tmen
451 5452 578 5505 uturum
1096 5449 1146 5511 tt)
1166 5448 1394 5514 quaestibusque]
1414 5446 1465 5498 Ed.
1479 5446 1554 5498 15⁴7.
1573 5456 1672 5500 errore
1690 5447 1819 5509 lypum
1839 5441 2051 5508 antemnaque
2180 5447 2185 5460 ·

1341 5511 1428 5588 48¹¹
