4608 5792
31 231 100 308 987
206 223 396 302 XXXVIII.
435 220 662 300 mannen
687 213 957 296 ORA'IIONB·
974 215 1221 297 mennas
1245 219 1446 296 conam
1470 219 1859 302 crusnnonrntt.
1973 212 2051 304 980

120 399 353 470 Conferamus
383 395 440 482 id,
480 396 580 492 quod
601 417 697 468 nnnc
716 393 818 466 dico:
859 389 1008 482 Orator,
1059 394 1257 466 arbitratur
1270 395 1366 468 enim
1388 423 1426 470 se
1446 421 1516 493 pro
1538 397 1682 471 suadela
1704 395 1853 486 haberi,
1882 423 1959 472 non
1982 425 2051 493 pro

31 501 272 600 quimalorum
289 499 451 572 omnium
468 521 575 570 causa
595 497 733 581 extitit,
765 496 830 592 qui
850 495 1008 567 desernit
1058 492 1293 592 sycophanta.

31 606 149 690 aciem,
174 604 237 700 qui
250 603 341 694 fugit
355 627 399 672 ex
412 603 521 684 urbe,
546 597 606 670 hic
621 599 807 672 contendit
820 597 889 670 sibi
904 621 1008 668 coro-
1161 601 1318 694 Quando
1347 613 1467 672 autem
1496 602 1536 674 in
1565 605 1636 675 fine
1661 603 1837 676 orationis
1858 605 2053 679 advomcos

29 731 104 778 nam
119 719 154 778 et
166 704 400 801 praeconium
416 703 578 789 decerni,
602 725 678 773 non
692 699 928 796 deportabitis
942 695 1009 770 ho·
1058 725 1143 775 suos
1181 703 1392 796 implorabit
1422 706 1541 779 socios
1572 731 1719 779 suarum
1752 709 2052 800 corruptelarum,
2136 729 2139 744 ¹

29 809 151 882 minem
166 823 339 904 tanquam
355 807 596 878 calamitatem
612 805 801 876 universae
811 798 1009 874 Graeciae?
1059 805 1256 877 existimate
1272 830 1356 891 vos,
1388 821 1512 880 contra
1527 810 1603 882 eius
1618 810 1852 904 petulantiam
1868 811 2053 904 praeclare

29 926 85 986 aut
101 907 425 1006 comprehendetis,
455 909 555 982 utdc
572 932 615 978 eo
629 905 843 1001 supplicium
859 903 1009 977 sumatis
1060 907 1208 978 meritos
1230 909 1325 980 cives
1353 922 1448 980 stare
1473 911 1686 998 instructos,
1717 936 1847 1005 nempe
1869 913 2053 1002 Solonem,

28 1027 188 1111 tanquam
203 1018 248 1086 de
265 1013 382 1107 pirata
399 1011 629 1084 latrocinium
651 1010 690 1080 in
712 1010 800 1080 urbe
821 1018 1009 1100 praetextu
1059 1011 1124 1106 qni
1143 1010 1290 1104 optimis
1315 1013 1452 1104 legibus
1474 1017 1658 1098 constituit
1678 1015 1901 1099 libertatem,
1932 1016 2051 1088 virum
2116 1013 2121 1034 ¹

27 1117 231 1211 reipublicae
250 1114 460 1188 exercente?
512 1115 677 1208 Quaeso,
702 1111 826 1181 veniat
846 1109 886 1180 in
906 1132 1009 1180 men·
1059 1113 1255 1206 sapientem
1279 1127 1315 1184 ct
1333 1116 1604 1208 legumlatorem
1632 1119 1812 1202 modeste,
1848 1131 1890 1188 ut
1910 1129 2052 1190 tantum

28 1233 279 1314 contempus,
312 1244 392 1314 quo
414 1218 571 1296 calculos
596 1214 733 1390 ῐῖεῑίεε
772 1212 1009 1284 breviarum
1059 1215 1177 1292 virum
1194 1217 1316 1299 dccet,
1338 1231 1527 1320 rogantem
1540 1218 1696 1317 vomite
1706 1216 1961 1296 Demosthenis
1972 1243 2055 1292 ora·
2116 1245 2124 1262 ·

27 1319 167 1418 Pythia,
207 1307 257 1394 in¹
275 1323 415 1419 quibus
432 1321 600 1392 universa
660 1315 777 1388 raecia
809 1313 1008 1386 conveniet.
1060 1319 1196 1390 tionem
1211 1318 1324 1412 pluris
1337 1321 1475 1397 faciatis
1490 1348 1601 1418 quam
1619 1311 1873 1394 ¹iusiurandum
1892 1336 1927 1393 et
1941 1324 2036 1417 leges
2044 1352 2062 1408 ;-
2203 1312 2204 1322 ἵ

26 1426 133 1498 Porro
155 1427 249 1498 male
273 1423 375 1496 audit
397 1425 484 1496 urbs
504 1435 628 1495 nostra
649 1417 719 1492 hoc
740 1433 903 1510 tempore
924 1436 1009 1510 pro·
1059 1421 1149 1494 item
1180 1417 1397 1508 Aristidem,
1436 1427 1499 1521 qui
1534 1449 1674 1498 annuos
1706 1450 1831 1497 census
1864 1427 2055 1502 universae

26 1542 98 1622 pter
126 1531 303 1624 quasdam
322 1523 577 1599 Demosthenis
603 1525 774 1596 actiones·
828 1521 952 1614 Quare
978 1518 1010 1590 si
1061 1527 1234 1598 Graeciae
1258 1526 1458 1613 ordinavit,
1490 1554 1564 1624 quo
1584 1542 1730 1601 mortuo
1754 1529 1845 1600 filias
1870 1529 1946 1603 eius
1967 1531 2056 1600 civi·
2152 1538 2158 1558 ¹

25 1632 233 1704 ⁰010¹1³bifi⁸
249 1655 351 1716 eum,
382 1629 593 1713 videbimini
609 1627 764 1720 Pr⁰b³r⁰
782 1646 908 1694 mrum
926 1644 1010 1692 ⁶⁰11·
1061 1642 1116 1700 tas
1133 1629 1306 1714 elocavit,
1333 1631 1579 1724 indignantem
1597 1643 1697 1702 tanta
1723 1632 1938 1702 contumelia
1962 1657 1980 1701 a
2042 1632 2055 1652 ⁹

26 1734 114 1820 silio,
140 1735 202 1832 qui
217 1758 343 1830 pacem
359 1733 508 1808 violant.
560 1731 599 1804 si
616 1741 737 1801 autem
764 1740 890 1798 contra
912 1719 1010 1796 hunc
1061 1732 1256 1818 iustitiam,
1295 1746 1332 1803 et
1362 1731 1645 1826 interrogantem
1668 1759 1749 1806 cum
1772 1736 1929 1815 maiores
1947 1733 1999 1806 An
2041 1739 2058 1815 -'¹

26 1841 195 1926 statuetis,
222 1835 422 1933 purgabitis
436 1832 502 1908 has
516 1833 748 1929 suspiciones.
1062 1835 1174 1908 mium
1190 1835 1329 1907 Zeliten
1342 1837 1552 1908 afferentem
1569 1853 1696 1908 aurum
1712 1837 1883 1909 exMedis
1897 1837 1935 1906 in
1942 1838 2060 1910 Graes
2150 1830 2154 1836 ⁴

1062 1939 1176 2023 ciam,
1191 1951 1244 2009 'et
1265 1933 1444 2032 hospitem
1459 1935 1752 2023 Atheniensium,
1784 1961 1898 2029 paene
1920 1941 2058 2011 occide-

115 1993 169 2065 Ne
184 1991 297 2086 igitur
310 1989 512 2063 deliberetis
528 1999 702 2086 tanquam
719 1989 764 2057 de
778 1985 894 2055 aliena
909 1982 1011 2068 urbe,
1083 2042 1093 2059 ,
1229 2041 1239 2058 ,
1344 2041 1353 2060 ,
1774 2041 1783 2056 ·
1850 2041 1860 2057 ·

26 2096 79 2166 ,ed
96 2105 268 2194 [anquam
282 2097 326 2165 de
343 2107 480 2178 vestra,
498 2103 567 2164 mc
591 2090 740 2162 dividite
765 2085 923 2164 honores
945 2109 1011 2155 ceu
1062 2055 1155 2127 not,
1180 2055 1217 2112 et
1226 2056 1397 2114 remeunt
1409 2045 1498 2113 urbe
1514 2055 1550 2114 et
1562 2041 1640 2113 solo
1651 2037 1863 2112 Atheniense
1878 2043 2059 2126 excedere,

26 2201 207 2289 praedam,
234 2199 296 2270 sed
314 2197 526 2282 diiudicate,
562 2220 694 2290 eosque
718 2193 889 2264 collocate
914 2188 1012 2281 apud
1061 2171 1150 2216 ”⁰¹¹¹
1166 2146 1380 2237 P⁰d²³tv⁰⁸
1396 2140 1879 2227 ⁰⁰f⁰¹¹³¹ffl⁰m⁰⁸²h⁰¹¹⁸ma
1905 2145 1968 2238 ‘lui
1982 2167 2060 2214 ”⁰¹¹

26 2303 182 2374 meliores
196 2302 348 2373 viroset
362 2300 563 2393 digniorem
596 2311 633 2370 et
646 2321 723 2368 non
739 2307 880 2364 tantum
895 2313 1011 2410 aaut&
1061 2249 1190 2424 affl
1207 2243 1281 2422 {Rc
1312 2272 1440 2322 aurum
1470 2272 1639 2341 βῆμ’
1673 2248 1736 2318 sed
1757 2246 1803 2316 ab
1827 2258 1954 2319 mem
1974 2270 2059 2318 Μ’

25 2407 80 2473 sed
95 2406 201 2476 etiam
222 2395 344 2476 oculo's
359 2401 545 2488 adhibete,
564 2415 612 2472 ·et
627 2399 870 2494 inspicitevos
886 2394 957 2485 ill⁸i
972 2415 1021 2462 ¹¹¹
1166 2453 1251 2528 Non
1273 2451 1408 2546 pugg,
1428 2421 1612 2538 sutum,
1649 2463 1691 2522 ut
1711 2445 1991 2534 Themistocles,
2008 2462 2061 2524 -et

25 2501 85 2576 hac
99 2508 379 2592 deliberatione,
402 2508 467 2603 qui
480 2508 554 2579 sint
573 2507 732 2623 fautores
744 2493 1012 2622 Ilcmostbenis,
1062 2557 1116 2627 iffi
1220 2556 1294 2626 ἰὼ
1317 2551 1535 2628 Marathone
1558 2567 1595 2624 et
1615 2553 1773 2626 mamis
1802 2556 2061 2640 occubuerunt,

24 2623 136 2682 unum
161 2611 220 2682 illi
244 2609 336 2696 sint,
375 2610 440 2706 qui
469 2633 542 2681 una
569 2620 755 2679 venatronr
778 2627 930 2697 operam
950 2601 1012 2670 de·
1042 2627 1043 2630 ¹
1122 2609 1136 2675 .’
1170 2584 1218 2654 qu

24 2713 146 2787 derunt
191 2715 312 2786 autin
326 2713 522 2808 gymnasiis
538 2713 577 2780 in
598 2704 837 2782 adolescentia
858 2727 931 2778 una
956 2703 1032 2790 inq
1064 2671 1626 2782 ⁸t1¹p⁸²l¹¹i¹⁰mmye⁸tf⁰tum
1649 2672 1886 2778 ¹¹3⁰¹¹¹¹¹¹¹⁶¹¹I³
1909 2675 2062 2777 mim

152 2768 164 2805 '
985 2805 1013 2876 g
1061 2775 1183 2850 mant,
1207 2788 1239 2836 ar
1254 2765 1487 2836 coronabitur
1505 2775 1591 2847 aste,
1622 2785 1687 2858 qur
1708 2785 1789 2834 cum
1811 2763 1976 2835 barbaras
1997 2759 2062 2830 ad-

1063 2891 1188 2938 versus
1198 2865 1365 2968 'Graecos
1390 2865 1525 2940 sensit?
1553 2907 1557 2914 ·
1581 2865 1660 2958 Ego
1683 2864 1850 2958 quidem,
1884 2889 1907 2936 o
1931 2861 2062 2950 Terra,

1065 2995 1087 3040 o
1103 2967 1185 3056 Sol,
1219 2969 1396 3054 orithia,
1426 2971 1638 3065 prudentia,
1664 2965 1971 3064 disciplina,·qna
1993 2959 2062 3036 ho-

1063 3083 1163 3144 nesta
1198 3084 1235 3141 et
1263 3073 1389 3166 ‘turpia
1424 3073 1679 3154 discernimus,
1720 3081 1897 3163 quantum
1929 3069 1969 3138 in
1999 3093 2060 3139 me

1063 3174 1150 3261 aur,
1166 3169 1275 3246 'volui
1287 3174 1413 3247 invare
1430 3177 1711 3271 rempublicam,
1733 3169 1783 3243 'et
1797 3196 1862 3244 vos
1886 3166 1956 3242 hac
1978 3194 2062 3242 ora·

84 3277 87 3285 ⁵
119 3284 404 3365 considerabitis
420 3282 528 3354 etiam
543 3280 619 3353 eius
639 3277 870 3372 iactantiam,
898 3299 1012 3384 quan·
1064 3279 1162 3351 tione
1188 3279 1458 3374 commonefeci.
1517 3281 1628 3374 Quod
1650 3277 1681 3349 si
1702 3298 1770 3367 pro
1794 3275 1968 3368 dignitate
1993 3273 2060 3344 cri-

23 3396 65 3466 do
88 3396 181 3468 dicet
206 3421 243 3470 sc
265 3397 421 3490 legatum
447 3387 615 3459 liberasse
629 3382 845 3482 Byzantium
869 3393 905 3450 et
924 3373 1013 3450 I’hi-
1063 3407 1148 3454 men
1174 3383 1356 3468 accusavi,
1393 3383 1486 3469 dixi,
1525 3396 1568 3456 ut
1586 3380 1704 3462 volui;
1755 3380 1952 3454 sinautem
1978 3401 2061 3449 ora-

21 3499 114 3595 lippo
129 3528 148 3576 e
163 3499 334 3574 manibus
349 3490 535 3585 eripuisse,
557 3491 768 3564 Acarnanes
781 3488 828 3559 ad
843 3482 1012 3558 delectio·
1063 3488 1116 3560 tio
1140 3485 1308 3558 nonfuit
1330 3509 1398 3579 par
1420 3485 1662 3578 magnitudini
1684 3483 1759 3568 rei,
1795 3482 1891 3568 dixi,
1930 3492 1971 3552 ut
1993 3505 2061 3576 po-

20 3629 98 3678 nem
131 3588 350 3686 concitasse,
392 3581 588 3668 Thebanos
616 3591 768 3666 dicendo
801 3591 1013 3684 perterrefe-
1063 3591 1128 3664 tui.
1185 3587 1260 3660 Vos
1276 3602 1396 3660 autem
1411 3584 1544 3673 exhis,
1569 3613 1663 3684 quae
1678 3586 1773 3670 dixi,
1800 3582 2003 3669 caeratis,
2028 3583 2061 3655 si

20 3707 114 3783 cisse.
166 3711 281 3781 Putat
295 3703 394 3778 enim
406 3721 471 3770 vos
485 3721 529 3769 eo
542 3695 779 3788 simplicitatis
804 3715 1012 3786 progressos
1063 3693 1150 3786 quid
1165 3689 1403 3784 praetermisi,
1428 3691 1525 3786 qnod
1541 3691 1675 3763 iustum
1692 3700 1795 3762 estet
1807 3711 1850 3758 ex
1863 3685 2060 3778 republica,

20 3835 112 3901 esse,
151 3828 198 3888 ut
226 3808 315 3884 haec
345 3802 553 3902 persuaderi
580 3797 680 3870 vobis
698 3795 823 3870 sinatis
844 3795 890 3866 ab
912 3796 1010 3887 ipso;
1063 3791 1255 3865 decernite.
1794 3810 1800 3822 =

24 2817 129 2890 stituti
149 2813 261 2892 sunt?
292 2836 296 2844 ·
323 2813 494 2914 Nonper
514 2813 653 2896 Iovem;
695 2814 771 2883 non
795 2809 892 2881 enim
913 2785 997 2881 dedi

23 2945 162 3016 operam
191 2912 399 3006 venationi,
441 2945 508 2991 nec
530 2916 707 2990 exercitiis
729 2916 910 3010 corporis,
950 2910 1012 2983 sed

23 3028 171 3100 exercuit
199 3040 315 3112 artes,
349 3023 483 3120 'cluibus
502 3022 651 3128 insidias
674 3030 830 3094 strumet
852 3016 1012 3110 locuple-

22 3129 121 3204 tibus.
