4582 5798
17 166 108 250 [aar
268 164 375 242 rso.
417 139 822 242 urseraurario
847 165 1146 244 omuonuu
1171 167 1236 242 ux
1262 163 1558 242 rnocvmnu
1584 165 1788 242 nuans
1953 163 2055 248 sose

17 345 127 427 scatis,
149 352 186 412 et
206 341 417 424 commoda,
442 365 536 436 quse
557 341 657 439 illi')
683 343 898 429 ostendunt,
923 365 1000 414 nou
1052 366 1300 438 exsequeres
1318 354 1352 411 et
1367 341 1475 411 verba
1493 341 1532 412 in
1543 339 1703 412 medium
1719 339 1952 412 conferantur
1967 357 2052 416 ante

17 444 237 524 sineretione
252 443 461 535 repudietis.
1052 444 1333 516 dimicationem.
1393 442 1457 514 Isti
1488 469 1576 514 vero
1605 468 1682 513 non
1703 455 1786 512 ante
1811 446 2051 536 oppugnatio·

104 547 216 618 Aiunt
231 546 428 620 modestiae
444 568 549 616 causa
566 568 603 616 se
626 545 764 616 nullam
789 543 997 634 societatem
1050 571 1133 616 nem
1155 548 1299 641 oppidi,
1324 547 1385 619 sed
1404 553 1549 639 postea,
1577 572 1659 618 cum
1683 545 1847 616 viderent
1866 568 1937 618 nos
1955 543 2051 619 honi

17 651 174 726 :omeliis
193 650 337 734 fecisse,
369 649 408 720 id
433 672 519 722 vcro
542 662 753 736 servarunt,
784 661 827 720 ut
849 647 1003 740 impune
1050 650 1222 720 iniuriam
1238 673 1314 720 non
1333 651 1558 742 neglecturos
1574 673 1667 734 esse,
1694 661 1780 720 tunc
1795 649 1941 720 demum
1961 639 2050 723 iuris

17 756 153 850 grassari
169 751 327 847 possint,
358 776 433 822 non
456 773 580 822 amore
603 749 780 836 iustitiae,
813 773 893 820 cum
918 751 998 820 uol-
1048 753 1201 845 speciem
1224 755 1479 837 ostenderunt,
1504 753 1650 846 iamque
1675 747 1745 820 huc
1768 751 1939 837 veniunt,
1966 745 2050 824 curri

17 865 77 930 ient
89 857 177 928 alios
192 851 465 926 malefactorum
481 866 587 925 testes
602 848 757 939 habere,
782 877 851 923 nec
860 852 1000 945 {dolore
1048 856 1150 925 dorni
1164 856 1333 926 scelerate
1348 855 1519 940 fecerint,
1534 857 1756 948 postulantes
1769 877 1846 924 nnn
1861 854 2049 942 auxilium,

17 961 110 1044 effici,
141 960 171 1031 si
192 957 329 1029 vocatis
352 958 457 1030 sociis
478 982 535 1029 res
564 968 877 1048 cognoscerentur.
942 956 996 1026 Ac
1047 960 1110 1029 sed
1125 958 1333 1029 societatem
1350 958 1509 1044 sceleris,
1526 971 1561 1027 et
1576 969 1738 1051 petentes
1756 980 1793 1028 sa
1809 957 1935 1053 recipi,
1948 971 2048 1050 post-

17 1063 96 1135 ubis
111 1061 198 1134 situs
215 1060 316 1133 addit
329 1062 379 1133 eis
394 1061 576 1144 animum,
601 1072 643 1130 ut
657 1061 771 1152 magis
792 1059 906 1128 velint
925 1058 994 1152 ipsi
1048 1085 1156 1156 quam
1169 1061 1275 1131 nobis
1290 1061 1423 1130 bellum
1437 1060 1658 1146 intulerunt,
1681 1083 1762 1130 cum
1779 1060 1972 1152 reintegra
1986 1083 2049 1154 pe·

19 1167 130 1238 udices
161 1188 369 1262 essequam
399 1165 554 1235 aliorum
578 1161 710 1234 iudicia
733 1161 874 1246 subire,
909 1163 993 1256 quia
1046 1165 1154 1234 tenda
1176 1163 1287 1234 fuerit
1308 1163 1478 1247 societas,
1507 1187 1583 1232 non
1607 1175 1798 1258 postquam
1822 1187 1892 1234 nos
1912 1163 2047 1234 iniuria

18 1270 68 1362 psi
81 1292 154 1338 non
169 1291 275 1360 saepe
289 1267 335 1337 ad
352 1267 442 1338 alios
458 1265 652 1358 navigant,
677 1267 811 1336 multos
828 1287 914 1334 vero
930 1289 994 1335 ne·
1048 1265 1167 1337 affecti
1184 1291 1327 1351 sumus,
1355 1279 1390 1336 et
1406 1265 1474 1357 ipsi
1489 1279 1573 1336 sunt
1587 1266 1625 1334 in
1640 1261 1821 1360 periculo,
1847 1289 1914 1336 nec
1931 1287 2046 1362 qnan-

17 1371 149 1470 :essario
175 1371 529 1464 praeternavigantes
551 1367 744 1460 excipiunt.
796 1367 905 1462 Quod
928 1367 994 1460 igi·
1046 1369 1094 1438 do
1110 1381 1229 1439 vestro
1245 1369 1419 1439 beneficio
1432 1368 1504 1455 frui
1521 1369 1669 1453 volunt,
1695 1393 1775 1440 curn
1792 1381 1896 1438 antea
1914 1369 2049 1438 benefi-

17 1500 58 1546 ‚ur
72 1472 228 1566 speciose
242 1471 367 1548 dicunt
383 1497 419 1544 se
439 1498 459 1542 a
482 1470 687 1542 foederibus
713 1470 850 1542 alienos
873 1469 993 1556 fuisse,
1046 1471 1141 1541 cium
1154 1473 1293 1542 nullum
1313 1471 1489 1543 dederint.
1541 1471 1588 1542 Et
1613 1496 1694 1540 cum
1720 1495 1740 1540 a
1763 1471 2045 1542 scelerosorum

17 1602 74 1650 ion
88 1603 129 1649 eo
146 1577 280 1650 factum
298 1589 380 1660 est,¹
393 1599 439 1646 ne
453 1576 592 1672 aiiepae
614 1573 810 1672 iniustitiae
831 1571 920 1643 socii
941 1597 994 1645 es-
1046 1574 1251 1660 abfueritis,
1279 1599 1376 1644 nunc
1391 1574 1430 1642 in
1452 1598 1519 1644 vos
1541 1575 1735 1644 transferre
1756 1574 1881 1665 culpae
1902 1585 2051 1668 partem·

17 1694 93 1764 ent,
113 1679 175 1750 sed
191 1692 232 1749 ut
246 1674 317 1774 ipsi
330 1674 478 1772 impune
495 1687 705 1772 peccarent,
732 1690 768 1748 et
781 1675 817 1746 vi
839 1688 877 1746 et
896 1675 994 1746 frau-
1046 1690 1238 1747 conantur.
1289 1677 1402 1747 Decet
1416 1687 1535 1746 autem
1561 1699 1642 1761 eos,
1676 1676 1741 1771 qui
1761 1676 1863 1769 prius
1885 1699 1967 1747 suas
1991 1675 2044 1744 vi-

17 1785 45 1854 le
66 1783 219 1876 praedas
242 1782 445 1866 auferrent,
480 1793 516 1852 et
538 1779 693 1878 adepti,
713 1779 832 1850 nullos
860 1777 993 1850 iudices
1046 1803 1108 1850 res
1140 1803 1222 1850 cum
1255 1779 1334 1852 aliis
1365 1777 1648 1862 coniunxerunt,
1687 1790 1812 1872 postea
1833 1801 2048 1850 communes

17 1895 212 1957 uetuerent.
413 1918 417 1928 v
1046 1893 1194 1954 eventus
1203 1895 1402 1973 expectare,
1418 1904 1493 1951 non
1508 1905 1588 1951 curn
1605 1882 1730 1951 afacto
1738 1872 1930 1965 abiecerint,
1945 1891 2045 1974 post·

96 1985 241 2060 Namsi
256 1997 377 2064 essent
387 1981 476 2056 boui
491 1981 581 2072 viri,
605 1997 647 2057 ut
661 1983 897 2078 praedicant,
919 2008 992 2078 quo
1046 2009 1088 2055 ea
1105 1983 1266 2057 criminis
1281 1984 1488 2057 societatem
1500 1985 1687 2060 sustinere.
1915 1987 1920 1994 '

17 2090 115 2164 omns
130 2088 328 2182 culpabiles
350 2098 489 2170 essent,
514 2109 557 2156 eo
581 2087 701 2160 minus
722 2082 995 2162 abhorruisseut
1150 2087 1332 2159 Hactenus
1354 2087 1579 2158 ostendimus
1596 2109 1666 2156 nos
1688 2077 1760 2154 huc
1783 2083 1966 2173 accessisse
1988 2082 2043 2154 iu-

17 2193 260 2276 dosderibus,
286 2204 330 2260 ut
351 2187 487 2262 iustitia
512 2189 675 2282 ipsorum
699 2190 813 2282 magis
834 2188 995 2281 conspici
1046 2202 1139 2260 stam
1155 2213 1298 2262 causam
1314 2190 1521 2274 afferentes,
1547 2189 1635 2262 istos
1651 2209 1738 2258 vero
1756 2185 1887 2258 iniusta
1905 2186 2048 2256 'violeu-

17 2295 185 2368 ieaeteris
200 2306 320 2388 posset
333 2291 379 2391 ο).
409 2371 412 2379 ,
430 2292 501 2362 Sed
514 2314 631 2388 nequa
651 2316 735 2384 erga
756 2316 843 2377 nos,
874 2317 994 2386 neque
1046 2291 1096 2362 tia
1112 2293 1184 2374 uti;
1216 2315 1313 2363 nunc
1329 2291 1552 2384 cognoscite,
1584 2314 1648 2362 eur
1670 2313 1736 2360 vos
1757 2312 1833 2358 nou
1854 2288 1931 2360 sitis
1951 2288 2045 2361 iuste

17 2424 82 2492 rga
97 2399 188 2472 alios
211 2395 300 2490 tales
323 2408 427 2481 sunt,
456 2419 537 2476 cum
562 2395 683 2468 coloni
705 2395 822 2469 nostri
842 2395 934 2480 sint,
959 2406 996 2466 et
1047 2419 1108 2466 eos
1124 2392 1316 2487 recepturi.
1363 2394 1472 2488 Qiaod
1486 2394 1582 2464 enim
1596 2393 1635 2463 in
1651 2391 1857 2463 foederibus
1871 2391 2051 2484 scriptomg

17 2516 104 2578 intes
117 2503 362 2574 defecerunta
380 2498 505 2584 nobis,
539 2511 575 2568 et
597 2499 860 2584 nuucbellum'
873 2497 995 2570 nobis-
1047 2511 1121 2582 est,
1159 2523 1265 2592 posse
1292 2522 1369 2569 non
1402 2497 1598 2590 adscriptas
1623 2495 1785 2567 civitates
1807 2495 1975 2564 accedere
1997 2495 2048 2564 ad

17 2631 78 2678 um
92 2616 243 2698 gerunt,
267 2627 350 2676 cum
367 2599 515 2697 quidem
527 2601 656 2686 dicant
666 2627 705 2684 se
725 2626 804 2673 nou
823 2602 995 2682 deductos
1047 2613 1149 2672 utros
1178 2600 1310 2687 velint,
1344 2600 1382 2670 id
1403 2624 1480 2671 non
1511 2598 1562 2669 ita
1591 2596 1825 2689 intelligitur,
1863 2595 1971 2672 licere
1998 2597 2049 2668 ad

17 2733 98 2794 sse,
114 2721 157 2785 ut
170 2705 325 2791 iniurias
338 2729 361 2779 a
374 2704 480 2776 nobis
505 2703 705 2798 accipiant,
738 2705 869 2800 quibus
892 2703 995 2776 vicis-
1047 2703 1203 2775 aliorum
1224 2703 1421 2797 perniciem
1446 2723 1621 2798 quaerere
1644 2699 1851 2775 societatem
1875 2698 2049 2785 aliorum,

17 2811 67 2882 im
82 2811 365 2904 respondemus,
388 2831 549 2898 nosnun
561 2809 748 2884 deduxisse
764 2809 933 2891 colonos,
954 2820 998 2878 ut
1047 2808 1109 2878 sed
1125 2807 1156 2878 si
1168 2831 1240 2901 qua
1254 2807 1393 2898 indiget
1405 2805 1633 2889 defensione,
1659 2827 1752 2900 quae
1773 2825 1851 2874 non
1871 2801 2001 2877 defecit
2024 2826 2049 2878 a

17 2915 149 3007 uperbe
169 2913 215 2983 ab
239 2909 290 2984 eis
310 2910 528 2985 conmmeiia
551 2911 771 2996 afficiamur,
801 2912 865 2982 sed
887 2922 929 2980 ut
949 2909 996 2980 si·
1047 2909 1230 3003 prioribus
1245 2910 1370 2996 sociis,
1397 2923 1433 2980 et
1449 2933 1542 3006 qnae
1564 2905 1820 3000 recipientibus
1839 2902 1871 3000 ⁸)
1896 2927 1973 2980 nou
1995 2905 2049 2977 ai-

17 3041 77 3092 nus
91 3015 273 3112 praesides
291 3027 327 3086 et
342 3035 503 3108 congrua
517 3013 995 3105 officianpbispraestentur.
1046 3015 1117 3083 fert
1130 3013 1265 3084 bellum
1282 3037 1350 3106 pro
1376 3037 1485 3106 pace,
1519 3011 1558 3083 id
1579 3011 1679 3106 quod
1700 3009 1803 3082 vobis
1826 3006 1982 3094 accidet,
2015 3007 2049 3082 si

17 3117 50 3192 ic
64 3133 227 3192 caeterae
244 3113 569 3214 quidemcoloniae
583 3142 652 3192 nos
667 3111 808 3195 honore
823 3115 995 3200 afficiunt,
1046 3139 1114 3190 nos
1129 3139 1205 3186 non
1220 3115 1392 3200 audietis,
1418 3113 1503 3210 quia
1517 3137 1594 3186 nnn
1608 3112 1725 3186 solum
1741 3112 1818 3186 istis
1834 3110 1958 3196 socie,
1985 3111 2049 3182 sed

17 3235 37 3294 it
52 3221 305 3295 benevolentia
328 3244 370 3304 ae
392 3220 480 3295 fides
499 3215 626 3308 ‚earum
648 3244 732 3312 erga
755 3217 824 3292 no's
853 3219 995 3312 egregia
1047 3218 1153 3290 nobis
1171 3219 1279 3290 etiarn
1295 3243 1364 3313 pro
1380 3218 1574 3291 foederatis
1589 3211 1711 3288 hostes
1734 3213 1844 3288 eritis.
1895 3212 2049 3288 Necesse

17 3339 62 3398 tsi.
111 3322 191 3394 Iam
207 3349 289 3397 curn
305 3323 397 3395 aliae
415 3325 536 3416 piures
558 3347 626 3399 nos
648 3323 818 3415 diligant,
845 3321 996 3404 manife-
1048 3322 1118 3392 erit
1131 3321 1249 3407 enim,
1276 3321 1308 3394 si
1322 3343 1424 3392 arma
1438 3320 1560 3394 feretis
1577 3318 1674 3390 inter
1688 3320 1787 3404 istos,
1808 3342 1873 3390 vos
1890 3315 2050 3410 opprimi

17 3441 91 3500 tum
107 3440 162 3500 est
176 3423 288 3514 hanc,
310 3450 404 3522 quae
417 3429 493 3500 sola
510 3427 616 3500 nobis
629 3439 824 3503 contumax
843 3438 915 3510 est,
942 3425 996 3495 in·
1048 3451 1129 3497 cum
1144 3424 1206 3498 eis.
1239 3421 1376 3496 Iustum
1392 3437 1512 3496 autern
1530 3436 1622 3496 esset
1636 3447 1701 3494 vos
1717 3423 1763 3492 ab
1775 3433 1930 3516 utraque
1946 3433 2049 3514 parte

17 3544 88 3602 uste
104 3531 211 3607 nobis
230 3529 427 3604 adversari.
483 3529 559 3604 Nec
582 3555 684 3602 arma
708 3553 912 3623 gereremus
935 3529 997 3600 ad·
1047 3529 1190 3612 abesse,
1216 3540 1299 3613 aut,
1333 3527 1363 3599 si
1378 3527 1458 3598 fieri
1472 3551 1547 3596 non
1563 3537 1704 3618 posset,
1733 3523 1922 3594 uobiscum
1946 3545 2048 3596 arma

17 3659 122 3708 versus
135 3660 216 3720 eos,
241 3634 272 3706 si
285 3657 361 3704 non
383 3631 516 3725 insigni
537 3632 671 3702 iniuria
691 3631 809 3702 affecti
829 3655 998 3702 essemus.
1047 3633 1142 3700 ferre
1166 3641 1293 3700 contra
1315 3629 1425 3714 istos,
1460 3628 1546 3722 quia
1572 3652 1655 3700 cum
1678 3621 1876 3698 Corinthiis
1895 3623 2050 3696 manife'

17 3735 94 3813 iam
110 3751 151 3810 et
166 3739 264 3831 ipsos
280 3737 440 3820 deceret,
466 3734 621 3812 etiamsi
638 3733 726 3829 quid
739 3757 998 3828 peccassemus,
1048 3745 1144 3814 stum
1159 3733 1372 3818 foedusest,
1406 3742 1445 3800 at
1457 3741 1539 3802 'cum
1555 3729 1625 3802 illis
1638 3753 1686 3800 ne
1709 3727 1876 3802 induciae
1900 3726 2048 3823 quidem

17 3841 211 3912 racundiae
240 3851 387 3912 nostrae
411 3839 558 3924 cedere3
592 3849 629 3908 et
650 3837 757 3924 nobis
778 3849 883 3929 turpe
907 3847 998 3906 esset
1048 3857 1211 3930 unquam
1229 3833 1331 3906 vobis
1344 3835 1503 3906 fuerunt.

17 3941 75 4014 iim
105 3945 236 4025 afierre
267 3941 375 4038 ipsis,
414 3940 446 4013 si
474 3953 592 4013 essent
618 3940 866 4015 modestiores.
926 3937 999 4011 Sed
1151 3936 1227 4010 Nec
1241 3937 1318 4011 sitis
1332 3939 1421 4008 novi
1444 3936 1598 4030 exempli
1619 3948 1783 4021 autores,
1809 3949 1850 4008 ut
1871 3932 2050 4029 recipian-

17 4045 83 4117 elati
96 4047 266 4142 superbia
280 4059 316 4116 et
328 4042 411 4116 freti
425 4043 580 4130 divitiis,
596 4068 678 4114 cum
695 4043 764 4115 alia
783 4043 896 4114 multa
913 4065 998 4112 con·
1049 4053 1130 4127 tur,
1157 4041 1220 4137 qui
1237 4043 1283 4113 ab
1299 4041 1608 4114 aliisdefeeerunt.
1660 4039 1756 4113 Nam
1776 4063 1844 4112 nee
1863 4063 1931 4110 nos
1952 4061 2049 4110 rece·
2088 4053 2092 4058 ·

17 4173 56 4218 ra
72 4175 138 4224 nos
152 4153 337 4234 fecerunt,
365 4161 441 4219 tum
461 4171 549 4218 vero
561 4145 808 4239 Epidamnum
823 4145 877 4244 ⁷),
904 4169 997 4240 quae
1049 4145 1170 4238 pimus
1181 4144 1343 4231 Samios,
1370 4171 1451 4218 cum
1469 4143 1607 4216 avobis
1623 4144 1851 4228 defecissent,
1877 4154 1914 4214 et
1927 4140 2050 4234 palam
2160 4175 2164 4196 =

17 4265 121 4323 rostra
140 4265 213 4338 est,
240 4277 321 4326 cum
337 4252 383 4322 ab
402 4250 482 4322 aliis
505 4262 716 4334 vexaretur,
740 4273 818 4322 non
837 4248 999 4320 vindica·
1050 4249 1352 4334 contradiximus,
1393 4274 1475 4320 cum
1505 4247 1667 4320 diversae
1703 4262 1821 4324 esseut
1851 4244 2050 4324 sententiae

17 4368 103 4444 unt,
129 4357 193 4430 sed
211 4367 358 4448 postea,
383 4379 466 4426 cum
482 4376 550 4425 uos
574 4353 779 4424 veniremus
804 4353 851 4424 ad
870 4354 998 4424 sedan·
1048 4352 1402 4446 Peloponnesiorum
1413 4357 1435 4438 ,'
1449 4377 1497 4422 an
1513 4350 1599 4445 ipsis
1615 4351 1869 4447 opitulandum
1883 4361 1987 4434 esset,
2012 4361 2050 4420 et

17 4455 66 4532 ios
81 4474 202 4532 motus
216 4457 268 4531 ibi
284 4469 403 4542 ortos,
432 4455 502 4550 ipsi
521 4456 630 4528 etiam
645 4457 683 4527 vi
699 4468 933 4549 occuparunt.
1050 4456 1271 4542 censuimus,
1318 4455 1631 4552 unumquemlibet
1669 4456 1749 4527 iure
1783 4477 1886 4549 posse
1917 4451 2049 4546 punire

99 4561 179 4636 lam
196 4561 339 4650 dicunt,
365 4559 519 4632 voluisse
539 4583 577 4631 se
599 4572 706 4632 antea
728 4559 862 4632 iudicio
885 4558 998 4632 disce-
1051 4584 1132 4644 eos,
1158 4559 1221 4656 qui
1235 4561 1281 4630 ab
1299 4559 1378 4653 ipso
1401 4559 1623 4632 deiecissent.
1673 4557 1769 4632 Nam
1791 4559 1823 4630 si
1843 4555 2050 4651 receperitis

17 4674 127 4754 piare,
153 4666 253 4762 quod
267 4665 318 4735 ita
335 4665 552 4736 servandum
570 4675 642 4749 est,
667 4687 743 4741 non
764 4676 806 4734 ut
829 4674 934 4734 antea
957 4685 997 4732 re
1049 4662 1179 4734 iniuste
1194 4662 1415 4748 deficientes,
1445 4664 1561 4757 legem
1576 4664 1746 4736 adversus
1759 4661 2051 4756 scripseram

17 4781 174 4862 >coapata
189 4767 280 4838 alter
295 4780 464 4839 executor
478 4777 654 4861 provocet
666 4767 714 4839 ad
734 4765 910 4850 iudicem,
935 4765 997 4836 sed
1051 4768 1112 4848 tis;
1139 4790 1216 4836 nnn
1232 4767 1423 4860 pauciores
1439 4767 1537 4837 enim
1554 4791 1574 4837 a
1590 4765 1695 4840 vobis
1707 4769 1754 4838 ad
1773 4791 1849 4854 nos,
1865 4768 2049 4843 accedent.

17 4902 213 4922 -ω
1152 4866 1205 4938 Ac
1223 4872 1267 4940 de
1289 4869 1368 4941 iure
1387 4869 1473 4941 satis
1497 4870 1632 4944 dictum
1656 4879 1720 4946 est.
1776 4869 1883 4946 Nunc
1904 4867 2050 4964 petitio-

38 4963 70 5026 ὅ)
86 4967 129 5018 nli
142 4969 219 5030 (scii.
233 4967 419 5052 Cpreyrsenl
436 4969 478 5020 sic
490 4969 661 5021 scribendum
674 4981 738 5020 esse
750 4979 852 5021 censeo
867 4967 999 5028 (='rian·
1051 4995 1135 5042 nem
1152 4971 1345 5059 addemus,
1372 4972 1411 5043 in
1425 4997 1496 5068 qua
1514 4974 1558 5043 de
1572 4973 1758 5045 referenda
1774 4974 1889 5068 grafia
1905 4995 1971 5046 vos
1986 4971 2051 5048 ad,

72 5035 206 5160 iiiii&
228 5035 341 5091 soree
365 5039 480 5136 lom-⁷)
502 5050 569 5103 μοι
595 5037 655 5102 m'
679 5037 751 5101 Μὰ
773 5038 826 5093 Μ’
845 5035 921 5090 Μ’
948 5049 1000 5088 ἰ’
1050 5076 1291 5150 monebimus.
1344 5075 1447 5145 Hanc
1462 5077 1617 5172 petimus
1631 5101 1708 5149 non
1723 5090 1765 5150 ut
1779 5065 1900 5149 hostes
1923 5086 2050 5146 contra
2128 5123 2138 5132 -

40 5189 73 5252 t)
89 5196 199 5256 posset]
219 5195 263 5246 sie
280 5196 332 5250 Ed.
353 5195 429 5247 litt.
447 5195 477 5245 iu
494 5193 549 5245 ine
566 5191 631 5245 iibri
648 5191 677 5244 in
700 5191 876 5259 corrigendis
900 5193 1001 5260 utet,
1051 5203 1136 5265 vos,
1171 5203 1237 5251 nec
1261 5190 1302 5251 ut
1323 5178 1448 5264 amici,
1481 5193 1522 5252 ui
1536 5181 1663 5256 vestris
1676 5179 1816 5254 auxiliis
1830 5203 1905 5250 non
1919 5177 2049 5254 debitis

72 5257 102 5310 in
119 5264 245 5316 oratione
263 5263 326 5328 ipss
342 5265 369 5320 i.
386 5265 405 5316 i.
425 5263 489 5316 ibid.
510 5261 629 5327 legitur:
656 5263 757 5326 possit.
2043 5302 2047 5308 ,

41 5343 72 5404 7)
93 5347 287 5412 Epidamnum]
318 5350 360 5402 sio
381 5347 543 5414 scripsimus
568 5366 603 5396 =
623 5339 814 5414 unimam,
845 5347 895 5400 itt.
920 5345 999 5402 im.

74 5415 269 5478 Elimiam·
1086 5417 1118 5487 8)
1137 5417 1348 5485 recipientibus]
1366 5419 1419 5478 Ed.
1438 5419 1780 5487 amensamens
1803 5419 2000 5488 κακῶν.

17 5491 188 5568 lissam
211 5501 319 5570 Orss.
341 5504 427 5568 Vos..
447 5503 573 5598 xvu.
1584 5487 1635 5563 65
