4548 5788
4 207 89 286 oss
189 156 345 280 xnus
385 161 786 292 murmurante
809 197 1076 287 oaauones
1098 195 1318 288 secunus
1341 197 1544 290 οοιωιι
1566 197 1882 293 mouturam
1981 205 2060 294 sss

1115 370 1200 446 Non
1214 383 1453 467 coementes
1468 373 1668 461 mentibus,
1692 336 1793 451 lusor
1805 380 1905 478 velut

42 405 105 454 sm
130 387 201 454 sus
217 377 420 454 desertione
439 377 635 472 religiones
654 377 766 463 deleri
787 398 914 471 passus
945 388 1010 462 est,

12 520 17 546 ι
67 496 189 556 ιιιιιιιι
204 480 244 556 in
262 481 341 576 ipso
356 493 430 566 est,
455 493 623 576 parentes
635 505 722 552 vero
737 479 878 560 ,obiecit
897 473 1010 552 hosti·

0 596 96 671 b,
136 609 203 658 nec
229 596 458 658 mortuorum
490 581 648 673 honores
679 583 825 657 defendi
855 583 1008 655 curavit.

0 697 3 752 t
40 689 183 763 undum
205 713 292 760 vero
318 686 480 760 desinam
502 699 625 760 vetera
656 686 818 781 exempla
840 685 1008 772 recitare;
1055 781 1059 784 ,

0 817 97 862 uam
116 794 209 890 qnae
226 789 471 880 maioressibi
495 790 651 884 gloriosa
674 816 748 864 esse
769 791 947 863 ducebant
969 789 1009 861 in

0 895 196 982 aciendo,
236 920 278 966 ea
308 919 373 967 vos
392 895 545 991 ¹quoque
568 896 670 966 decet
693 895 848 966 libenter
869 893 1009 983 audire,

0 1044 1 1049 κ
25 1023 186 1096 nquam
210 997 357 1073 illorum
378 997 504 1069 virtuti
523 999 695 1072 faventes.
752 997 844 1072 Cum
859 995 1008 1070 Eumol-

0 1135 19 1181 ι·
30 1129 78 1176 us
93 1098 297 1176 adduxisset
305 1095 550 1173 Thracensem
563 1103 754 1174 exercitum
766 1155 777 1186 ,
802 1113 844 1172 ut
857 1126 1008 1194 occupa-

21 1218 64 1276 et
79 1205 257 1289 Atticam,
284 1203 408 1300 inqua
425 1197 511 1276 tunc
529 1205 704 1296 regnabat
717 1199 939 1278 Erechtheus
946 1203 1008 1302 ⁰⁸),

20 1308 174 1402 nium
189 1319 268 1380 erat
280 1301 473 1378 Praxitbea
486 1303 632 1400 Cephisi
645 1305 736 1389 filia;
763 1333 916 1404 cumque
931 1331 1009 1380 ma·

4 1446 11 1495 2
34 1437 100 1484 ·us
114 1411 353 1484 barbarorum
376 1409 550 1482 exercitus
573 1409 613 1480 in
637 1422 798 1483 nostram
822 1411 1007 1504 regionem

11 1527 214 1608 erupturus
230 1525 339 1599 esset,
370 1513 551 1585 consuluit
562 1508 786 1588 Erechtheus
807 1515 1008 1601 oraculum,

6 1654 14 1680 ·
60 1617 98 1688 id
121 1619 275 1703 faceret,
313 1627 356 1688 ut
378 1614 529 1688 victoria
553 1615 743 1710 potiretur.
809 1616 1007 1690 Oraculum

20 1720 197 1814 espondit
211 1719 387 1791 victorem
402 1720 500 1806 fore,
525 1717 555 1790 si
568 1719 679 1791 liliam
705 1733 788 1792 ante
812 1721 1007 1794 exercitum

13 1823 250 1911 mmolasset‚
277 1823 375 1920 quod
397 1847 478 1894 cum
499 1821 640 1895 fecisset
657 1819 777 1896 hostes
797 1825 1008 1920 profligatos

13 1952 96 2000 unc
112 1927 256 2020 repulit:
296 1927 361 1996 -Ac
373 1926 480 1996 laude
495 1926 624 2026 dignus
637 1925 906 2022 estEuripides,
933 1927 1008 2025 qui,

53 2057 92 2100 m
113 2032 232 2104 bonus
256 2030 363 2122 poeta
387 2043 498 2115 esset,
532 2029 639 2104 etiam
662 2024 733 2100 hoc
756 2044 1008 2124 argumentum

5 2133 218 2227 ·escripsit,
245 2132 452 2205 existimans
467 2131 594 2226 patriis
610 2133 782 2227 exemplis
795 2137 909 2229 magis
928 2159 1008 2206 mo·

11 2237 91 2308 eri
111 2237 224 2323 cives,
257 2259 389 2332 eosque
411 2235 451 2306 in
473 2237 534 2306 illa
554 2235 733 2310 intuentes
757 2263 841 2311 suos
866 2239 1008 2312 animos

0 2343 56 2411 ad
73 2365 234 2412 amorem
248 2340 389 2433 patriae
406 2341 643 2412 adsuefacere.
694 2339 792 2412 Utile
813 2355 866 2414 est
887 2356 1006 2415 autem

7 2457 43 2514 ·t
75 2468 223 2514 carmen
252 2441 426 2540 ipsumoe)
456 2442 602 2529 audire,
643 2443 684 2513 in
712 2470 785 2540 quo
808 2446 936 2519 matris
956 2457 1010 2518 est

7 2547 148 2631 ratio,
175 2547 420 2642 promittentis
432 2545 543 2616 liliam
567 2546 724 2634 civitati,
758 2560 800 2618 ut
822 2549 885 2619 liat
906 2549 1008 2620 victi-

46 2667 106 2731 a;'
129 2649 280 2722 cernetis
311 2649 409 2719 enim
440 2649 478 2719 in
509 2674 550 2720 ea
580 2651 866 2744 magnitudinem
895 2651 1009 2725 animi

7 2755 158 2847 ·ignam
176 2767 212 2826 et
227 2765 351 2826 nostra
369 2751 511 2824 civitate
527 2765 563 2824 et
575 2766 726 2848 paterna
743 2755 895 2848 origine.

116 2906 154 2976 Si
172 2905 253 3002 quis
264 2905 479 2978 beneficium
494 2906 644 2979 daturus
660 2920 712 2979 est
730 2907 886 2996 civibus,
946 2959 953 2974 .

61 3007 104 3078 ld
118 3011 254 3102 gratius
270 3011 310 3102 lit
324 3009 465 3082 liberali
479 3023 625 3103 pectore

61 3111 111 3183 Et
124 3126 252 3207 sponte
270 3138 351 3185 cum
368 3116 494 3197 datur,
521 3113 646 3184 datum
664 3113 844 3186 morosius

62 3215 249 3312 Lenteque
266 3240 341 3287 non
357 3212 505 3287 habebit
519 3215 631 3287 ullam
646 3216 812 3311 gratiam.

60 3319 161 3411 Ergo
178 3320 301 3413 volens
315 3331 461 3412 gnatam
479 3314 653 3418 exhibebo
665 3320 829 3414 patriae,

60 3423 115 3493 Ut
129 3423 192 3492 frat
204 3419 323 3494 hostia
340 3447 408 3516 pro
424 3424 539 3494 salute
553 3421 708 3516 publica.

59 3525 294 3622 Montemque
310 3550 439 3597 causae
456 3539 670 3618 permovent
681 3550 807 3619 graves
828 3549 960 3601 meam.
997 3581 1002 3592 .

60 3629 299 3702 Urbsnostra
319 3629 440 3700 mnltis
454 3631 635 3698 antecellit
649 3629 819 3709 'caeteris;
844 3633 848 3640 '

61 3735 302 3828 Nequaquam
321 3732 416 3802 enim
432 3732 604 3802 confluxit
622 3729 691 3801 buc
706 3756 749 3800 ex
763 3731 917 3806 dissonis

62 3839 221 3910 Confusa
237 3836 430 3907 multitudo
446 3834 628 3930 gentibus,
653 3857 781 3927 gerens

62 3941 259 4035 Manesque
276 3950 495 4034 naturasque
510 3937 698 4010 dissimiles
711 3936 798 4018 sibi;

59 4045 136 4117 Sed
152 4057 268 4114 mater
282 4039 371 4114 haec
386 4054 439 4113 est
453 4066 525 4113 una
542 4043 646 4114 tellus
660 4040 801 4123 Attica,
858 4077 861 4083 ·

58 4148 195 4240 Stirpis
213 4159 373 4219 vetustae
390 4144 543 4230 civium,
568 4169 612 4216 ex
628 4140 698 4217 hoc
713 4167 823 4239 quam
837 4140 916 4214 solo

60 4250 197 4322 Mundi
215 4245 481 4322 architectatrir
496 4249 632 4321 creavit
647 4271 748 4318 mens
764 4245 854 4332 Dei,

61 4353 336 4428 Virtutisacres
351 4353 511 4424 inserens
527 4352 691 4425 stimulos
706 4363 817 4423 satae.

63 4459 141 4532 Sed
158 4457 351 4532 condidere
367 4458 474 4530 urbes
490 4456 611 4528 coloni
625 4467 804 4538 caeteras,
912 4515 916 4522 .

63 4559 210 4635 Passim
226 4559 379 4654 profecti
389 4560 522 4632 dissitis
537 4559 763 4653 regionibns,

42 4807 100 4865 σε)
118 4763 305 4864 Brecbtteus]
337 4802 378 4852 sle
407 4800 584 4853 scrtbeudum
611 4802 655 4850 est
679 4817 713 4846 =
734 4791 895 4866 Ἕριχθεύςς
929 4773 1013 4852 netu

84 4871 184 4937 tm,
204 4873 298 4938 tm,
319 4871 395 4922 tm.
413 4873 438 4921 Ιι.
452 4871 470 4922 l.
491 4873 520 4921 et
538 4871 566 4922 tn
585 4883 662 4934 seqq⁴
682 4871 840 4922 Ereotteus.

45 4971 1016 5106 ”latenas”tcttutuu‘cnuauacutat·

87 5119 145 5166 toas
159 5113 302 5164 Crecttttst
312 5113 411 5174 xvu.
431 5113 459 5162 tu
472 5112 651 5164 thsscttettt
664 5114 713 5165 nd.
731 5058 1015 5180 senonensium,

87 5181 283 5247 spt'snctsntt.
299 5184 374 5232 test.
395 5183 450 5238 12.)
469 5181 557 5235 MV.
576 5183 768 5244 neu-eto.
789 5184 885 5235 eodem
900 5195 1015 5238 numero

86 5253 140 5302 loc
156 5249 341 5317 nguentum
363 5251 524 5315 tustgnttnn
549 5257 602 5304 esc.
645 5254 721 5304 ttseo
745 5253 805 5304 etus
822 5253 1015 5316 tntsrprststto

88 5321 275 5372 distentionis
287 5321 424 5384 reperttur
439 5321 523 5370 ettam
536 5319 608 5371 tuter
620 5321 743 5374 elumen
763 5323 967 5388 Eptgrmsts
987 5323 1016 5373 tn

94 5391 238 5442 erstnnsu
256 5389 422 5442 cottectlone
440 5390 488 5440 tut.
500 5390 529 5438 Μ
540 5388 650 5450 2-8„
680 5393 708 5442 iu
725 5391 866 5448 vincentii
883 5393 947 5448 cott.
965 5393 1015 5444 tot.

85 5459 228 5523 tao-⁶„
252 5463 280 5510 et
298 5459 326 5510 tn
344 5457 424 5510 tutos
437 5457 519 5520 corp.
538 5457 660 5514 ttetorn.
679 5461 743 5515 vot.
758 5460 794 5514 tc
814 5474 839 5524 p.
855 5460 1016 5518 nas-ast.

10 5543 341 5614 strumosus.
364 5545 449 5608 voc.
473 5541 578 5606 tht.
669 5555 677 5565 ·

1115 475 1153 548 Si
1167 473 1362 548 discolores
1379 475 1418 546 in
1433 476 1558 547 fritillo
1573 477 1722 551 misceat

1114 575 1237 650 Telos.
1288 577 1337 648 Aa
1350 581 1476 652 urbem
1493 579 1654 676 quisquis
1671 594 1855 680 externam
1872 585 2015 676 incolit,
2113 626 2118 634 ι

1112 678 1482 774 Utintigittouodus
1496 707 1600 777 asper
1618 683 1802 771 eminens,
2085 703 2090 714 '

1112 781 1187 856 Ceu
1203 783 1342 876 tignum
1362 787 1409 856 ad
1423 785 1588 858 ordinem
1604 788 1756 860 aedificii
1770 814 1846 864 non
1862 800 2044 890 quadrans

1110 885 1196 960 Non
1211 885 1271 958 ille
1285 901 1406 960 mente
1422 889 1509 962 civis
1522 902 1595 976 est,
1619 893 1683 964 sed
1696 893 1857 970 nomine.

1108 988 1242 1062 Nostra
1257 1013 1343 1084 ergo
1359 1015 1427 1083 pro
1445 993 1584 1086 patria,
1610 996 1774 1067 verendis
1789 997 1946 1092 legibus,

1110 1089 1159 1163 Et
1173 1092 1365 1164 constituta
1383 1095 1545 1167 moribus
1560 1095 1665 1168 bonis
1679 1101 1780 1170 decet

1110 1194 1251 1278 Pericle
1265 1197 1365 1268 adire
1382 1210 1418 1280 et
1430 1197 1571 1291 perpeti
1586 1222 1777 1274 aerumnas
1796 1228 1944 1296 graves,

1112 1295 1337 1394 Causamque
1353 1323 1712 1396 quare-procreamur
1725 1303 1856 1380 liberos

1111 1398 1215 1470 Hanc
1230 1426 1304 1476 esse
1321 1403 1553 1496 praecipuam
1568 1407 1771 1498 putandum
1784 1421 1854 1496 est,
1880 1422 1922 1483 ut
1933 1409 2004 1488 Del

1109 1501 1248 1576 Notitia
1264 1506 1382 1577 luceat
1395 1506 1526 1581 futuris
1540 1507 1686 1594 seculis,
1730 1527 1735 1536 '

1105 1605 1331 1704 'Semperque
1348 1610 1513 1682 custodes
1526 1611 1620 1682 sient
1636 1612 1843 1704 superstites

1112 1709 1329 1783 Coelestium
1342 1708 1464 1806 legum
1480 1725 1588 1810 atque
1601 1717 1819 1808 templorum
1836 1716 1926 1805 Dei,

1111 1809 1187 1908 Qui
1198 1812 1239 1882 in
1252 1814 1372 1907 patria
1389 1827 1557 1889 tueantur
1570 1811 1636 1890 bas
1651 1841 1709 1892 res
1727 1819 1882 1913 optimu
1898 1879 1911 1914 ,
1962 1851 1966 1860 ·
1980 1861 1983 1872 ·

1110 1911 1159 1987 Et
1174 1915 1399 2010 disciplinam
1418 1918 1548 1992 civium
1564 1931 1601 2006 et
1615 1944 1735 1996 mores
1750 1923 1887 2012 bonos,

1110 2018 1197 2092 Non
1210 2019 1322 2114 impia
1336 2021 1477 2094 feritate
1494 2021 1607 2094 deleri
1620 2022 1755 2098 sinant.

1111 2121 1187 2195 Nec
1199 2123 1342 2216 franget
1356 2125 1448 2198 ullus
1463 2119 1533 2196 hoc
1547 2139 1712 2198 nostrum
1727 2141 1850 2221 peetcu
1865 2131 1988 2209 timor.

1111 2223 1256 2296 Violare
1271 2227 1367 2320 leges
1382 2240 1422 2299 ut
1437 2229 1546 2300 velim
1560 2229 1821 2317 sanctissimas,
1993 2247 1995 2252 ’

1112 2325 1217 2424 Quae
1232 2329 1392 2422 singulos
1406 2334 1576 2425 prodesse
1592 2332 1731 2426 patriae
1746 2333 1883 2418 iubent.

1112 2431 1203 2502 Cum
1221 2447 1338 2504 morte
1351 2434 1446 2505 tiliae
1458 2435 1564 2508 unius
1580 2436 1740 2528 periculo

1111 2534 1218 2608 Nunc
1233 2535 1381 2608 liberari
1397 2549 1472 2608 tota
1488 2540 1603 2632 possit
1614 2537 1751 2613 civitas·

1112 2637 1282 2722 Namme
1298 2642 1404 2712 docet
1418 2641 1644 2727 numeratio,
1670 2653 1712 2714 ut
1724 2666 1864 2718 servem
1882 2645 1998 2738 magis

1114 2741 1223 2834 Quod
1240 2743 1321 2836 plus
1334 2744 1497 2845 videmus
1507 2769 1606 2838 'esse2
1621 2771 1730 2839 quam
1747 2749 1847 2842 quud
1859 2760 1914 2819 est
1928 2749 2059 2828 minus.

1113 2845 1234 2916 Unam
1252 2848 1401 2920 domum
1418 2848 1513 2933 labi,
1538 2849 1658 2920 minus
1673 2862 1768 2922 certe
1784 2865 1837 2924 est
1849 2851 1956 2937 mali,
1992 2865 2001 2924 ’.

1114 2947 1234 3040 Quam
1251 2950 1432 3022 civitatem
1448 2975 1553 3022 ruere
1572 2964 1686 3022 totam
1698 2954 1872 3030 funditus.

1114 3049 1154 3121 Si
1168 3075 1237 3144 pro
1253 3055 1373 3147 puella
1388 3047 1536 3146 germen
1552 3068 1644 3128 esset
1660 3059 1858 3132 masculum

1081 3225 1083 3231 ,
1113 3152 1248 3226 Natum
1263 3152 1376 3243 mihi,
1400 3159 1608 3256 bellumque
1624 3161 1717 3233 forte
1732 3178 1913 3254 posceret,

1115 3255 1220 3330 Cives
1235 3272 1278 3331 ut
1291 3256 1433 3350 hostem
1449 3261 1662 3364 dimicantes
1673 3266 1813 3360 proelio
1851 3277 1855 3286 '

1115 3359 1367 3454 Depellerent,
1391 3391 1480 3439 num
1495 3368 1608 3444 lilium
1623 3370 1754 3442 mortis
1769 3389 1869 3448 metu
1957 3407 1964 3418 ’

1115 3463 1293 3538 Recusem
1306 3468 1346 3539 in
1361 3469 1474 3542 aciem
1490 3472 1661 3544 mittere?
1709 3473 1761 3542 At
1776 3501 1863 3554 vero
1878 3482 1970 3560 mihi

1116 3567 1225 3640 'l'ales
1241 3593 1306 3662 ego
1323 3586 1409 3664 opto
1424 3572 1536 3656 filios,
1561 3574 1624 3669 qui
1636 3573 1780 3645 fortiter
1794 3587 1797 3595 '

1096 3704 1100 3713 f
1116 3668 1165 3740 Et
1179 3674 1402 3764 prdelientur
1419 3675 1580 3750 etrelint
1595 3675 1764 3748 excellere
1811 3721 1827 3750 η

1115 3770 1213 3843 lnter
1229 3774 1327 3847 viros
1343 3775 1474 3848 virtute
1490 3777 1577 3848 clari
1593 3793 1766 3852 caeteros:

1115 3873 1190 3962 Nec
1205 3877 1278 3948 sint
1295 3877 1335 3948 in
1355 3880 1444 3951 urbe
1461 3903 1525 3952 ceu
1540 3883 1676 3974 figurae
1688 3881 1856 3970 inutiles,

1116 3976 1189 4050 Aut
1203 3980 1297 4074 picta
1308 4004 1380 4084 ‚ceu
1393 3979 1611 4063 simulachra
1627 3985 1782 4080 parietes
1796 4002 1930 4066 tenent.

1116 4082 1186 4152 Sed
1199 4107 1305 4178 saepe
1319 4100 1477 4161 matrum
1492 4083 1698 4183 lachrymae
1717 4115 1799 4164 cum
1817 4091 1883 4165 filii

1115 4183 1226 4256 Arma
1245 4188 1421 4276 induunt,
1446 4189 1587 4264 animos
1604 4217 1729 4266 eorum
1747 4195 1992 4280 effaeminant

1114 4284 1256 4362 Harum
1276 4291 1428 4366 eiulatus
1446 4307 1554 4390 atque
1571 4296 1692 4368 mollia
1711 4312 1856 4391 pectora

1116 4393 1199 4465 Non
1213 4395 1344 4482 laudo,
1372 4397 1501 4494 quibus
1517 4396 1645 4490 ignava
1663 4401 1733 4475 vita
1750 4397 1893 4479 charior

1116 4493 1375 4586 liutitiorum,
1400 4524 1510 4597 quam
1528 4503 1634 4576 decus
1651 4491 1946 4597 pulcherrimum.
2027 4564 2031 4570 -

1117 4596 1166 4669 Et
1180 4626 1273 4694 quae
1288 4603 1360 4675 suis
1373 4605 1524 4676 suadere
1539 4605 1799 4700 turpitudinem

1118 4701 1281 4790 budent,
1307 4701 1447 4778 honore
1461 4734 1527 4780 nec
1542 4691 1722 4803 sepulcbri
1737 4724 1772 4783 et
1785 4717 1922 4809 posteri

1119 4803 1315 4882 Moventur
1329 4811 1591 4904 adprobatione
1605 4815 1733 4901 seculi,
1818 4865 1830 4892 c
1849 4825 1852 4830 ’

1119 4909 1227 5003 Quod
1243 4914 1427 5005 praedicat
1440 4913 1610 4988 virtutem
1627 4941 1752 4991 eorum
1768 4919 1935 4999 laudibus

1117 5011 1221 5087 Veris
1237 5029 1273 5087 et
1285 5018 1568 5104 immortalibus,
1595 5021 1658 5118 qui
1674 5023 1831 5116 patriam

1118 5113 1166 5186 Et
1179 5121 1311 5214 templa
1326 5135 1533 5214 protexere,
1557 5148 1625 5195 nec
1638 5127 1764 5200 mortis
1776 5140 1881 5198 metu

1119 5217 1264 5294 Cessere
1281 5224 1413 5297 nostris
1430 5220 1613 5314 hostibus,
1637 5253 1703 5299 nec
1716 5230 1927 5322 sanguinem

1118 5321 1312 5421 Vitamque
1328 5329 1540 5402 dubitarunt
1555 5357 1658 5404 suam
1675 5333 1904 5426 profundere.

1119 5425 1167 5498 Et
1181 5429 1276 5502 filiae
1291 5445 1437 5504 nostrae
1455 5436 1575 5506 futura
1594 5447 1647 5506 est
1660 5434 1774 5526 gloria

1503 5536 1676 5608 ot·
