<?xml version="1.0" encoding="UTF-8"?>
<!DOCTYPE html PUBLIC "-//W3C//DTD XHTML 1.0 Transitional//EN"
    "http://www.w3.org/TR/xhtml1/DTD/xhtml1-transitional.dtd">
<html xmlns="http://www.w3.org/1999/xhtml" xml:lang="en" lang="en">
 <head>
  <title>
</title>
<meta http-equiv="Content-Type" content="text/html;charset=utf-8" />
  <meta name='ocr-system' content='tesseract 3.04.00' />
  <meta name='ocr-capabilities' content='ocr_page ocr_carea ocr_par ocr_line ocrx_word'/>
</head>
<body>
  <div class='ocr_page' id='page_1' title='image "./corpusreformato16melagoog_0460.png"; bbox 0 0 4548 5788; ppageno 0'>
   <div class='ocr_carea' id='block_1_1' title="bbox 19 187 2038 370">
    <p class='ocr_par' dir='ltr' id='par_1_1' title="bbox 19 187 2038 370">
     <span class='ocr_line' id='line_1_1' title="bbox 19 187 2038 370; baseline 0.009 -53"><span class='ocrx_word' id='word_1_1' title='bbox 19 245 81 324; x_wconf 83' lang='lat' dir='ltr'>sae</span> <span class='ocrx_word' id='word_1_2' title='bbox 188 237 376 316; x_wconf 76' lang='lat' dir='ltr'>mtxvffl.</span> <span class='ocrx_word' id='word_1_3' title='bbox 416 223 932 316; x_wconf 74' lang='lat' dir='ltr'>manaenonamoms</span> <span class='ocrx_word' id='word_1_4' title='bbox 956 240 1202 370; x_wconf 76' lang='lat' dir='ltr'>amcemls</span> <span class='ocrx_word' id='word_1_5' title='bbox 1227 223 1427 318; x_wconf 74' lang='lat' dir='ltr'>comana</span> <span class='ocrx_word' id='word_1_6' title='bbox 1454 245 1842 326; x_wconf 79' lang='lat' dir='ltr'>crusmnonram.</span> <span class='ocrx_word' id='word_1_7' title='bbox 1958 187 2038 334; x_wconf 80' lang='lat' dir='ltr'>sod</span> 
     </span>
    </p>
   </div>
   <div class='ocr_carea' id='block_1_2' title="bbox 12 411 2036 1653">
    <p class='ocr_par' dir='ltr' id='par_1_2' title="bbox 12 411 2036 1653">
     <span class='ocr_line' id='line_1_2' title="bbox 16 411 2034 519; baseline 0.005 -26"><span class='ocrx_word' id='word_1_8' title='bbox 16 413 251 512; x_wconf 76' lang='lat' dir='ltr'>rempublicam</span> <span class='ocrx_word' id='word_1_9' title='bbox 271 413 535 507; x_wconf 88' lang='lat' dir='ltr'>deposuerunt,</span> <span class='ocrx_word' id='word_1_10' title='bbox 569 439 721 512; x_wconf 91' lang='lat' dir='ltr'>eamque</span> <span class='ocrx_word' id='word_1_11' title='bbox 741 429 880 490; x_wconf 85' lang='lat' dir='ltr'>vestrae</span> <span class='ocrx_word' id='word_1_12' title='bbox 903 419 988 489; x_wconf 84' lang='lat' dir='ltr'>fidei</span> <span class='ocrx_word' id='word_1_13' title='bbox 1141 411 1311 510; x_wconf 81' lang='lat' dir='ltr'>Ctesipho</span> <span class='ocrx_word' id='word_1_14' title='bbox 1345 431 1463 491; x_wconf 88' lang='lat' dir='ltr'>autem</span> <span class='ocrx_word' id='word_1_15' title='bbox 1491 424 1650 515; x_wconf 91' lang='lat' dir='ltr'>neglecta</span> <span class='ocrx_word' id='word_1_16' title='bbox 1673 425 1750 519; x_wconf 90' lang='lat' dir='ltr'>lege</span> <span class='ocrx_word' id='word_1_17' title='bbox 1773 427 1816 498; x_wconf 92' lang='lat' dir='ltr'>de</span> <span class='ocrx_word' id='word_1_18' title='bbox 1837 431 2034 506; x_wconf 79' lang='lat' dir='ltr'>referendis</span> 
     </span>
     <span class='ocr_line' id='line_1_3' title="bbox 15 515 2035 626; baseline 0.006 -32"><span class='ocrx_word' id='word_1_19' title='bbox 15 519 353 602; x_wconf 86' lang='lat' dir='ltr'>commendaverunt,</span> <span class='ocrx_word' id='word_1_20' title='bbox 377 517 511 609; x_wconf 90' lang='lat' dir='ltr'>partim</span> <span class='ocrx_word' id='word_1_21' title='bbox 531 543 652 588; x_wconf 89' lang='lat' dir='ltr'>coram</span> <span class='ocrx_word' id='word_1_22' title='bbox 670 533 888 614; x_wconf 78' lang='lat' dir='ltr'>spectatores</span> <span class='ocrx_word' id='word_1_23' title='bbox 904 534 988 592; x_wconf 91' lang='lat' dir='ltr'>sunt</span> <span class='ocrx_word' id='word_1_24' title='bbox 1038 515 1238 590; x_wconf 89' lang='lat' dir='ltr'>rationibus</span> <span class='ocrx_word' id='word_1_25' title='bbox 1262 546 1433 594; x_wconf 90' lang='lat' dir='ltr'>coronam</span> <span class='ocrx_word' id='word_1_26' title='bbox 1451 523 1688 599; x_wconf 83' lang='lat' dir='ltr'>Demostheni</span> <span class='ocrx_word' id='word_1_27' title='bbox 1710 524 1826 601; x_wconf 90' lang='lat' dir='ltr'>adhuc</span> <span class='ocrx_word' id='word_1_28' title='bbox 1847 535 2035 626; x_wconf 90' lang='lat' dir='ltr'>magistra·</span> 
     </span>
     <span class='ocr_line' id='line_1_4' title="bbox 13 618 2036 724; baseline 0.005 -27"><span class='ocrx_word' id='word_1_29' title='bbox 13 618 254 703; x_wconf 91' lang='lat' dir='ltr'>huiusiudicii,</span> <span class='ocrx_word' id='word_1_30' title='bbox 280 619 414 713; x_wconf 92' lang='lat' dir='ltr'>partim</span> <span class='ocrx_word' id='word_1_31' title='bbox 434 621 564 693; x_wconf 88' lang='lat' dir='ltr'>absunt</span> <span class='ocrx_word' id='word_1_32' title='bbox 585 648 733 694; x_wconf 88' lang='lat' dir='ltr'>suorum</span> <span class='ocrx_word' id='word_1_33' title='bbox 757 624 985 717; x_wconf 89' lang='lat' dir='ltr'>negotiorum</span> <span class='ocrx_word' id='word_1_34' title='bbox 1038 633 1114 690; x_wconf 88' lang='lat' dir='ltr'>turn</span> <span class='ocrx_word' id='word_1_35' title='bbox 1130 621 1287 714; x_wconf 79' lang='lat' dir='ltr'>gerenti,</span> <span class='ocrx_word' id='word_1_36' title='bbox 1314 639 1506 722; x_wconf 80' lang='lat' dir='ltr'>antequam</span> <span class='ocrx_word' id='word_1_37' title='bbox 1522 631 1646 701; x_wconf 91' lang='lat' dir='ltr'>retulit</span> <span class='ocrx_word' id='word_1_38' title='bbox 1661 633 1837 719; x_wconf 86' lang='lat' dir='ltr'>rationes,</span> <span class='ocrx_word' id='word_1_39' title='bbox 1864 639 2036 724; x_wconf 68' lang='lat' dir='ltr'>decrevit,</span> 
     </span>
     <span class='ocr_line' id='line_1_5' title="bbox 13 724 2034 828; baseline 0.006 -28"><span class='ocrx_word' id='word_1_40' title='bbox 13 751 118 800; x_wconf 86' lang='lat' dir='ltr'>causa:</span> <span class='ocrx_word' id='word_1_41' title='bbox 154 747 244 818; x_wconf 90' lang='lat' dir='ltr'>qnos</span> <span class='ocrx_word' id='word_1_42' title='bbox 261 745 405 808; x_wconf 87' lang='lat' dir='ltr'>omncs,</span> <span class='ocrx_word' id='word_1_43' title='bbox 436 737 621 816; x_wconf 90' lang='lat' dir='ltr'>praeterea</span> <span class='ocrx_word' id='word_1_44' title='bbox 638 728 733 818; x_wconf 88' lang='lat' dir='ltr'>leges</span> <span class='ocrx_word' id='word_1_45' title='bbox 749 739 784 796; x_wconf 88' lang='lat' dir='ltr'>et</span> <span class='ocrx_word' id='word_1_46' title='bbox 807 726 987 798; x_wconf 90' lang='lat' dir='ltr'>iusiuran-</span> <span class='ocrx_word' id='word_1_47' title='bbox 1037 736 1073 811; x_wconf 79' lang='lat' dir='ltr'>et</span> <span class='ocrx_word' id='word_1_48' title='bbox 1087 747 1133 794; x_wconf 88' lang='lat' dir='ltr'>ne</span> <span class='ocrx_word' id='word_1_49' title='bbox 1150 724 1295 828; x_wconf 87' lang='lat' dir='ltr'>quidem</span> <span class='ocrx_word' id='word_1_50' title='bbox 1312 730 1576 801; x_wconf 82' lang='lat' dir='ltr'>cavillationem</span> <span class='ocrx_word' id='word_1_51' title='bbox 1605 733 1703 804; x_wconf 92' lang='lat' dir='ltr'>illam</span> <span class='ocrx_word' id='word_1_52' title='bbox 1726 736 1813 828; x_wconf 87' lang='lat' dir='ltr'>legis</span> <span class='ocrx_word' id='word_1_53' title='bbox 1837 741 2034 812; x_wconf 78' lang='lat' dir='ltr'>cludendae</span> 
     </span>
     <span class='ocr_line' id='line_1_6' title="bbox 13 824 2034 932; baseline 0.006 -31"><span class='ocrx_word' id='word_1_54' title='bbox 13 834 85 901; x_wconf 92' lang='lat' dir='ltr'>dum</span> <span class='ocrx_word' id='word_1_55' title='bbox 99 824 253 898; x_wconf 89' lang='lat' dir='ltr'>revereri</span> <span class='ocrx_word' id='word_1_56' title='bbox 268 849 332 896; x_wconf 89' lang='lat' dir='ltr'>vos</span> <span class='ocrx_word' id='word_1_57' title='bbox 348 826 527 898; x_wconf 89' lang='lat' dir='ltr'>convenit.</span> <span class='ocrx_word' id='word_1_58' title='bbox 577 827 721 899; x_wconf 88' lang='lat' dir='ltr'>Etcum</span> <span class='ocrx_word' id='word_1_59' title='bbox 739 830 846 900; x_wconf 84' lang='lat' dir='ltr'>fidem</span> <span class='ocrx_word' id='word_1_60' title='bbox 867 830 984 900; x_wconf 87' lang='lat' dir='ltr'>secero</span> <span class='ocrx_word' id='word_1_61' title='bbox 1038 850 1143 896; x_wconf 88' lang='lat' dir='ltr'>causa</span> <span class='ocrx_word' id='word_1_62' title='bbox 1160 829 1367 916; x_wconf 88' lang='lat' dir='ltr'>confictam,</span> <span class='ocrx_word' id='word_1_63' title='bbox 1394 859 1503 928; x_wconf 86' lang='lat' dir='ltr'>quam</span> <span class='ocrx_word' id='word_1_64' title='bbox 1527 835 1620 921; x_wconf 83' lang='lat' dir='ltr'>dixi,</span> <span class='ocrx_word' id='word_1_65' title='bbox 1648 841 1846 932; x_wconf 89' lang='lat' dir='ltr'>adscripsit.</span> <span class='ocrx_word' id='word_1_66' title='bbox 1897 841 2034 916; x_wconf 86' lang='lat' dir='ltr'>Verum</span> 
     </span>
     <span class='ocr_line' id='line_1_7' title="bbox 12 923 2033 1036; baseline 0.006 -33"><span class='ocrx_word' id='word_1_67' title='bbox 12 937 174 1004; x_wconf 90' lang='lat' dir='ltr'>decretum</span> <span class='ocrx_word' id='word_1_68' title='bbox 196 923 438 1020; x_wconf 90' lang='lat' dir='ltr'>Ctesiphontis</span> <span class='ocrx_word' id='word_1_69' title='bbox 462 943 588 1001; x_wconf 91' lang='lat' dir='ltr'>contra</span> <span class='ocrx_word' id='word_1_70' title='bbox 607 933 702 1024; x_wconf 89' lang='lat' dir='ltr'>leges</span> <span class='ocrx_word' id='word_1_71' title='bbox 731 934 865 1002; x_wconf 84' lang='lat' dir='ltr'>lactum</span> <span class='ocrx_word' id='word_1_72' title='bbox 899 957 985 1018; x_wconf 89' lang='lat' dir='ltr'>esse,</span> <span class='ocrx_word' id='word_1_73' title='bbox 1038 928 1208 1000; x_wconf 91' lang='lat' dir='ltr'>obiicient</span> <span class='ocrx_word' id='word_1_74' title='bbox 1218 931 1500 1006; x_wconf 90' lang='lat' dir='ltr'>Demosthenem</span> <span class='ocrx_word' id='word_1_75' title='bbox 1514 963 1590 1008; x_wconf 92' lang='lat' dir='ltr'>non</span> <span class='ocrx_word' id='word_1_76' title='bbox 1607 943 1752 1031; x_wconf 82' lang='lat' dir='ltr'>gessisse</span> <span class='ocrx_word' id='word_1_77' title='bbox 1770 943 2033 1036; x_wconf 85' lang='lat' dir='ltr'>magistratum,</span> 
     </span>
     <span class='ocr_line' id='line_1_8' title="bbox 12 1031 2034 1142; baseline 0.006 -37"><span class='ocrx_word' id='word_1_78' title='bbox 12 1049 39 1105; x_wconf 91' lang='lat' dir='ltr'>et</span> <span class='ocrx_word' id='word_1_79' title='bbox 52 1031 284 1128; x_wconf 89' lang='lat' dir='ltr'>perniciosum</span> <span class='ocrx_word' id='word_1_80' title='bbox 301 1055 376 1101; x_wconf 91' lang='lat' dir='ltr'>esse</span> <span class='ocrx_word' id='word_1_81' title='bbox 390 1032 626 1124; x_wconf 89' lang='lat' dir='ltr'>reipublicae,</span> <span class='ocrx_word' id='word_1_82' title='bbox 654 1035 797 1106; x_wconf 87' lang='lat' dir='ltr'>abolere</span> <span class='ocrx_word' id='word_1_83' title='bbox 814 1033 903 1106; x_wconf 91' lang='lat' dir='ltr'>illud</span> <span class='ocrx_word' id='word_1_84' title='bbox 925 1038 985 1105; x_wconf 92' lang='lat' dir='ltr'>de·</span> <span class='ocrx_word' id='word_1_85' title='bbox 1038 1033 1099 1104; x_wconf 91' lang='lat' dir='ltr'>scd</span> <span class='ocrx_word' id='word_1_86' title='bbox 1114 1035 1402 1106; x_wconf 81' lang='lat' dir='ltr'>extraordinario</span> <span class='ocrx_word' id='word_1_87' title='bbox 1420 1063 1572 1110; x_wconf 90' lang='lat' dir='ltr'>munere</span> <span class='ocrx_word' id='word_1_88' title='bbox 1594 1043 1756 1115; x_wconf 93' lang='lat' dir='ltr'>sunctum</span> <span class='ocrx_word' id='word_1_89' title='bbox 1780 1071 1881 1119; x_wconf 61' lang='lat' dir='ltr'>csse„</span> <span class='ocrx_word' id='word_1_90' title='bbox 1917 1049 2034 1142; x_wconf 88' lang='lat' dir='ltr'>Magi·</span> 
     </span>
     <span class='ocr_line' id='line_1_9' title="bbox 12 1133 2034 1242; baseline 0.007 -34"><span class='ocrx_word' id='word_1_91' title='bbox 12 1137 104 1220; x_wconf 91' lang='lat' dir='ltr'>betis,</span> <span class='ocrx_word' id='word_1_92' title='bbox 133 1145 167 1204; x_wconf 91' lang='lat' dir='ltr'>et</span> <span class='ocrx_word' id='word_1_93' title='bbox 187 1133 389 1204; x_wconf 87' lang='lat' dir='ltr'>libertatem</span> <span class='ocrx_word' id='word_1_94' title='bbox 414 1135 592 1222; x_wconf 89' lang='lat' dir='ltr'>stabilire,</span> <span class='ocrx_word' id='word_1_95' title='bbox 630 1148 666 1206; x_wconf 92' lang='lat' dir='ltr'>et</span> <span class='ocrx_word' id='word_1_96' title='bbox 687 1138 902 1232; x_wconf 90' lang='lat' dir='ltr'>supplicium</span> <span class='ocrx_word' id='word_1_97' title='bbox 927 1164 985 1210; x_wconf 90' lang='lat' dir='ltr'>su·</span> <span class='ocrx_word' id='word_1_98' title='bbox 1037 1146 1168 1206; x_wconf 90' lang='lat' dir='ltr'>stratus</span> <span class='ocrx_word' id='word_1_99' title='bbox 1184 1137 1280 1206; x_wconf 92' lang='lat' dir='ltr'>enim</span> <span class='ocrx_word' id='word_1_100' title='bbox 1299 1162 1359 1211; x_wconf 91' lang='lat' dir='ltr'>eos</span> <span class='ocrx_word' id='word_1_101' title='bbox 1377 1152 1519 1212; x_wconf 88' lang='lat' dir='ltr'>tantum</span> <span class='ocrx_word' id='word_1_102' title='bbox 1535 1159 1686 1230; x_wconf 86' lang='lat' dir='ltr'>vocant,</span> <span class='ocrx_word' id='word_1_103' title='bbox 1713 1145 1776 1242; x_wconf 89' lang='lat' dir='ltr'>qui</span> <span class='ocrx_word' id='word_1_104' title='bbox 1788 1162 1885 1220; x_wconf 92' lang='lat' dir='ltr'>sorte</span> <span class='ocrx_word' id='word_1_105' title='bbox 1908 1175 1928 1220; x_wconf 91' lang='lat' dir='ltr'>a</span> <span class='ocrx_word' id='word_1_106' title='bbox 1953 1177 2034 1222; x_wconf 89' lang='lat' dir='ltr'>cen·</span> 
     </span>
     <span class='ocr_line' id='line_1_10' title="bbox 12 1231 2034 1346; baseline 0.008 -36"><span class='ocrx_word' id='word_1_107' title='bbox 12 1263 93 1310; x_wconf 87' lang='lat' dir='ltr'>mere</span> <span class='ocrx_word' id='word_1_108' title='bbox 107 1239 149 1306; x_wconf 91' lang='lat' dir='ltr'>de</span> <span class='ocrx_word' id='word_1_109' title='bbox 164 1231 242 1321; x_wconf 82' lang='lat' dir='ltr'>his,</span> <span class='ocrx_word' id='word_1_110' title='bbox 267 1234 331 1332; x_wconf 88' lang='lat' dir='ltr'>qui</span> <span class='ocrx_word' id='word_1_111' title='bbox 351 1248 475 1308; x_wconf 88' lang='lat' dir='ltr'>contra</span> <span class='ocrx_word' id='word_1_112' title='bbox 493 1239 606 1331; x_wconf 90' lang='lat' dir='ltr'>leges,</span> <span class='ocrx_word' id='word_1_113' title='bbox 638 1253 762 1311; x_wconf 87' lang='lat' dir='ltr'>contra</span> <span class='ocrx_word' id='word_1_114' title='bbox 790 1240 985 1325; x_wconf 85' lang='lat' dir='ltr'>civitatem,</span> <span class='ocrx_word' id='word_1_115' title='bbox 1036 1237 1176 1308; x_wconf 89' lang='lat' dir='ltr'>soribus</span> <span class='ocrx_word' id='word_1_116' title='bbox 1192 1253 1359 1312; x_wconf 83' lang='lat' dir='ltr'>creantur</span> <span class='ocrx_word' id='word_1_117' title='bbox 1373 1243 1411 1312; x_wconf 89' lang='lat' dir='ltr'>in</span> <span class='ocrx_word' id='word_1_118' title='bbox 1429 1245 1516 1314; x_wconf 88' lang='lat' dir='ltr'>aede</span> <span class='ocrx_word' id='word_1_119' title='bbox 1534 1243 1685 1332; x_wconf 86' lang='lat' dir='ltr'>Thesei,</span> <span class='ocrx_word' id='word_1_120' title='bbox 1711 1263 1747 1320; x_wconf 92' lang='lat' dir='ltr'>et</span> <span class='ocrx_word' id='word_1_121' title='bbox 1770 1250 1832 1345; x_wconf 94' lang='lat' dir='ltr'>qui</span> <span class='ocrx_word' id='word_1_122' title='bbox 1856 1253 2034 1346; x_wconf 87' lang='lat' dir='ltr'>suffragiis</span> 
     </span>
     <span class='ocr_line' id='line_1_11' title="bbox 12 1339 2034 1448; baseline 0.008 -36"><span class='ocrx_word' id='word_1_123' title='bbox 12 1354 116 1412; x_wconf 88' lang='lat' dir='ltr'>contra</span> <span class='ocrx_word' id='word_1_124' title='bbox 129 1339 321 1410; x_wconf 88' lang='lat' dir='ltr'>utilitatem</span> <span class='ocrx_word' id='word_1_125' title='bbox 335 1339 517 1432; x_wconf 86' lang='lat' dir='ltr'>publicam</span> <span class='ocrx_word' id='word_1_126' title='bbox 535 1343 707 1414; x_wconf 87' lang='lat' dir='ltr'>lecerunt.</span> <span class='ocrx_word' id='word_1_127' title='bbox 758 1343 806 1414; x_wconf 89' lang='lat' dir='ltr'>Et</span> <span class='ocrx_word' id='word_1_128' title='bbox 829 1343 859 1414; x_wconf 92' lang='lat' dir='ltr'>si</span> <span class='ocrx_word' id='word_1_129' title='bbox 881 1369 985 1437; x_wconf 87' lang='lat' dir='ltr'>prae·</span> <span class='ocrx_word' id='word_1_130' title='bbox 1036 1339 1164 1433; x_wconf 91' lang='lat' dir='ltr'>populi</span> <span class='ocrx_word' id='word_1_131' title='bbox 1178 1341 1216 1410; x_wconf 87' lang='lat' dir='ltr'>in</span> <span class='ocrx_word' id='word_1_132' title='bbox 1232 1344 1386 1417; x_wconf 88' lang='lat' dir='ltr'>comitiis</span> <span class='ocrx_word' id='word_1_133' title='bbox 1405 1347 1604 1439; x_wconf 89' lang='lat' dir='ltr'>eliguntur,</span> <span class='ocrx_word' id='word_1_134' title='bbox 1638 1375 1767 1446; x_wconf 89' lang='lat' dir='ltr'>nempe</span> <span class='ocrx_word' id='word_1_135' title='bbox 1784 1354 2034 1448; x_wconf 87' lang='lat' dir='ltr'>imperatores,</span> 
     </span>
     <span class='ocr_line' id='line_1_12' title="bbox 12 1440 2034 1551; baseline 0.007 -37"><span class='ocrx_word' id='word_1_136' title='bbox 12 1445 62 1515; x_wconf 91' lang='lat' dir='ltr'>liti</span> <span class='ocrx_word' id='word_1_137' title='bbox 82 1440 145 1512; x_wconf 92' lang='lat' dir='ltr'>hac</span> <span class='ocrx_word' id='word_1_138' title='bbox 167 1455 288 1512; x_wconf 89' lang='lat' dir='ltr'>mente</span> <span class='ocrx_word' id='word_1_139' title='bbox 310 1442 495 1514; x_wconf 88' lang='lat' dir='ltr'>audieritis</span> <span class='ocrx_word' id='word_1_140' title='bbox 520 1469 640 1514; x_wconf 86' lang='lat' dir='ltr'>meam</span> <span class='ocrx_word' id='word_1_141' title='bbox 662 1445 884 1532; x_wconf 89' lang='lat' dir='ltr'>orationem,</span> <span class='ocrx_word' id='word_1_142' title='bbox 910 1448 984 1518; x_wconf 91' lang='lat' dir='ltr'>scio</span> <span class='ocrx_word' id='word_1_143' title='bbox 1037 1453 1073 1512; x_wconf 90' lang='lat' dir='ltr'>et</span> <span class='ocrx_word' id='word_1_144' title='bbox 1086 1444 1275 1534; x_wconf 88' lang='lat' dir='ltr'>magistros</span> <span class='ocrx_word' id='word_1_145' title='bbox 1293 1448 1473 1543; x_wconf 90' lang='lat' dir='ltr'>equitum,</span> <span class='ocrx_word' id='word_1_146' title='bbox 1500 1463 1535 1521; x_wconf 90' lang='lat' dir='ltr'>et</span> <span class='ocrx_word' id='word_1_147' title='bbox 1549 1453 1638 1524; x_wconf 91' lang='lat' dir='ltr'>alios</span> <span class='ocrx_word' id='word_1_148' title='bbox 1652 1455 1825 1527; x_wconf 90' lang='lat' dir='ltr'>militares</span> <span class='ocrx_word' id='word_1_149' title='bbox 1846 1459 2034 1551; x_wconf 88' lang='lat' dir='ltr'>magistra-</span> 
     </span>
     <span class='ocr_line' id='line_1_13' title="bbox 12 1544 2034 1653; baseline 0.009 -39"><span class='ocrx_word' id='word_1_150' title='bbox 12 1550 169 1630; x_wconf 74' lang='lat' dir='ltr'>luturum‚</span> <span class='ocrx_word' id='word_1_151' title='bbox 195 1556 237 1615; x_wconf 93' lang='lat' dir='ltr'>ut</span> <span class='ocrx_word' id='word_1_152' title='bbox 251 1544 381 1616; x_wconf 88' lang='lat' dir='ltr'>iustam</span> <span class='ocrx_word' id='word_1_153' title='bbox 399 1547 630 1632; x_wconf 87' lang='lat' dir='ltr'>sententiam,</span> <span class='ocrx_word' id='word_1_154' title='bbox 656 1559 692 1617; x_wconf 92' lang='lat' dir='ltr'>et</span> <span class='ocrx_word' id='word_1_155' title='bbox 707 1563 984 1620; x_wconf 85' lang='lat' dir='ltr'>consentaneam</span> <span class='ocrx_word' id='word_1_156' title='bbox 1036 1555 1112 1625; x_wconf 90' lang='lat' dir='ltr'>tus;</span> <span class='ocrx_word' id='word_1_157' title='bbox 1138 1545 1317 1642; x_wconf 89' lang='lat' dir='ltr'>reliquos,</span> <span class='ocrx_word' id='word_1_158' title='bbox 1344 1551 1472 1648; x_wconf 91' lang='lat' dir='ltr'>quibus</span> <span class='ocrx_word' id='word_1_159' title='bbox 1488 1556 1694 1644; x_wconf 87' lang='lat' dir='ltr'>procuratio</span> <span class='ocrx_word' id='word_1_160' title='bbox 1712 1557 1832 1653; x_wconf 91' lang='lat' dir='ltr'>aliqua</span> <span class='ocrx_word' id='word_1_161' title='bbox 1856 1573 1954 1630; x_wconf 83' lang='lat' dir='ltr'>extra</span> <span class='ocrx_word' id='word_1_162' title='bbox 1976 1586 2034 1631; x_wconf 89' lang='lat' dir='ltr'>or-</span> 
     </span>
    </p>
   </div>
   <div class='ocr_carea' id='block_1_3' title="bbox 12 1648 2156 1756">
    <p class='ocr_par' dir='ltr' id='par_1_3' title="bbox 12 1648 2156 1756">
     <span class='ocr_line' id='line_1_14' title="bbox 12 1648 2156 1756; baseline 0.007 -38"><span class='ocrx_word' id='word_1_163' title='bbox 12 1662 107 1720; x_wconf 76' lang='lat' dir='ltr'>cestro</span> <span class='ocrx_word' id='word_1_164' title='bbox 122 1648 340 1732; x_wconf 88' lang='lat' dir='ltr'>iuramento,</span> <span class='ocrx_word' id='word_1_165' title='bbox 366 1661 402 1719; x_wconf 87' lang='lat' dir='ltr'>ct</span> <span class='ocrx_word' id='word_1_166' title='bbox 415 1650 539 1720; x_wconf 91' lang='lat' dir='ltr'>utilem</span> <span class='ocrx_word' id='word_1_167' title='bbox 553 1650 655 1721; x_wconf 87' lang='lat' dir='ltr'>vohis</span> <span class='ocrx_word' id='word_1_168' title='bbox 673 1663 779 1747; x_wconf 90' lang='lat' dir='ltr'>atque</span> <span class='ocrx_word' id='word_1_169' title='bbox 795 1653 984 1725; x_wconf 87' lang='lat' dir='ltr'>universae</span> <span class='ocrx_word' id='word_1_170' title='bbox 1037 1649 1157 1720; x_wconf 91' lang='lat' dir='ltr'>dinem</span> <span class='ocrx_word' id='word_1_171' title='bbox 1174 1654 1369 1723; x_wconf 90' lang='lat' dir='ltr'>mandatur</span> <span class='ocrx_word' id='word_1_172' title='bbox 1382 1680 1447 1746; x_wconf 92' lang='lat' dir='ltr'>per</span> <span class='ocrx_word' id='word_1_173' title='bbox 1463 1658 1668 1743; x_wconf 89' lang='lat' dir='ltr'>decretum,</span> <span class='ocrx_word' id='word_1_174' title='bbox 1694 1674 1829 1753; x_wconf 89' lang='lat' dir='ltr'>negant</span> <span class='ocrx_word' id='word_1_175' title='bbox 1846 1665 2033 1756; x_wconf 88' lang='lat' dir='ltr'>magistra·</span> <span class='ocrx_word' id='word_1_176' title='bbox 2152 1723 2156 1732; x_wconf 91' lang='lat'><strong>.</strong></span> 
     </span>
    </p>
   </div>
   <div class='ocr_carea' id='block_1_4' title="bbox 12 1751 2034 3194">
    <p class='ocr_par' dir='ltr' id='par_1_4' title="bbox 12 1751 2032 1860">
     <span class='ocr_line' id='line_1_15' title="bbox 12 1751 2032 1860; baseline 0.007 -39"><span class='ocrx_word' id='word_1_177' title='bbox 12 1752 205 1846; x_wconf 76' lang='lat' dir='ltr'>reipublicae</span> <span class='ocrx_word' id='word_1_178' title='bbox 221 1751 355 1822; x_wconf 85' lang='lat' dir='ltr'>[cratis.</span> <span class='ocrx_word' id='word_1_179' title='bbox 609 1831 611 1838; x_wconf 36' lang='lat'>,</span> <span class='ocrx_word' id='word_1_180' title='bbox 1037 1765 1094 1823; x_wconf 92' lang='lat' dir='ltr'>tus</span> <span class='ocrx_word' id='word_1_181' title='bbox 1116 1754 1239 1823; x_wconf 88' lang='lat' dir='ltr'>vocari</span> <span class='ocrx_word' id='word_1_182' title='bbox 1262 1756 1403 1827; x_wconf 91' lang='lat' dir='ltr'>debere.</span> <span class='ocrx_word' id='word_1_183' title='bbox 1462 1758 1532 1828; x_wconf 92' lang='lat' dir='ltr'>Sed</span> <span class='ocrx_word' id='word_1_184' title='bbox 1554 1756 1638 1831; x_wconf 93' lang='lat' dir='ltr'>huic</span> <span class='ocrx_word' id='word_1_185' title='bbox 1662 1763 1862 1836; x_wconf 86' lang='lat' dir='ltr'>calumniae</span> <span class='ocrx_word' id='word_1_186' title='bbox 1885 1791 2032 1860; x_wconf 92' lang='lat' dir='ltr'>oppono</span> 
     </span>
    </p>

    <p class='ocr_par' dir='ltr' id='par_1_5' title="bbox 12 1851 2034 2270">
     <span class='ocr_line' id='line_1_16' title="bbox 93 1851 2033 1951; baseline 0.008 -27"><span class='ocrx_word' id='word_1_187' title='bbox 93 1855 138 1924; x_wconf 88' lang='lat' dir='ltr'>Et</span> <span class='ocrx_word' id='word_1_188' title='bbox 159 1855 204 1924; x_wconf 91' lang='lat' dir='ltr'>de</span> <span class='ocrx_word' id='word_1_189' title='bbox 229 1865 304 1922; x_wconf 93' lang='lat' dir='ltr'>tota</span> <span class='ocrx_word' id='word_1_190' title='bbox 337 1877 443 1925; x_wconf 90' lang='lat' dir='ltr'>causa</span> <span class='ocrx_word' id='word_1_191' title='bbox 474 1857 559 1925; x_wconf 90' lang='lat' dir='ltr'>satis</span> <span class='ocrx_word' id='word_1_192' title='bbox 587 1854 633 1926; x_wconf 90' lang='lat' dir='ltr'>sit</span> <span class='ocrx_word' id='word_1_193' title='bbox 662 1851 752 1926; x_wconf 89' lang='lat' dir='ltr'>haec</span> <span class='ocrx_word' id='word_1_194' title='bbox 782 1857 983 1950; x_wconf 87' lang='lat' dir='ltr'>praelatum</span> <span class='ocrx_word' id='word_1_195' title='bbox 1036 1856 1170 1947; x_wconf 87' lang='lat' dir='ltr'>legem,</span> <span class='ocrx_word' id='word_1_196' title='bbox 1210 1881 1302 1951; x_wconf 91' lang='lat' dir='ltr'>quae</span> <span class='ocrx_word' id='word_1_197' title='bbox 1325 1860 1468 1929; x_wconf 88' lang='lat' dir='ltr'>condita</span> <span class='ocrx_word' id='word_1_198' title='bbox 1497 1874 1549 1933; x_wconf 89' lang='lat' dir='ltr'>cst</span> <span class='ocrx_word' id='word_1_199' title='bbox 1577 1865 1625 1932; x_wconf 91' lang='lat' dir='ltr'>ad</span> <span class='ocrx_word' id='word_1_200' title='bbox 1654 1867 1891 1941; x_wconf 84' lang='lat' dir='ltr'>excludendas</span> <span class='ocrx_word' id='word_1_201' title='bbox 1910 1865 2033 1941; x_wconf 74' lang='lat' dir='ltr'>huius</span> 
     </span>
     <span class='ocr_line' id='line_1_17' title="bbox 12 1955 2033 2064; baseline 0.009 -38"><span class='ocrx_word' id='word_1_202' title='bbox 12 1981 82 2040; x_wconf 81' lang='lat' dir='ltr'>esse,</span> <span class='ocrx_word' id='word_1_203' title='bbox 107 1979 204 2028; x_wconf 93' lang='lat' dir='ltr'>nunc</span> <span class='ocrx_word' id='word_1_204' title='bbox 220 1957 264 2026; x_wconf 91' lang='lat' dir='ltr'>dc</span> <span class='ocrx_word' id='word_1_205' title='bbox 279 1955 435 2048; x_wconf 89' lang='lat' dir='ltr'>legibus,</span> <span class='ocrx_word' id='word_1_206' title='bbox 461 1981 554 2052; x_wconf 87' lang='lat' dir='ltr'>quae</span> <span class='ocrx_word' id='word_1_207' title='bbox 576 1970 700 2028; x_wconf 85' lang='lat' dir='ltr'>vetant</span> <span class='ocrx_word' id='word_1_208' title='bbox 722 1962 891 2030; x_wconf 87' lang='lat' dir='ltr'>coronari</span> <span class='ocrx_word' id='word_1_209' title='bbox 911 1985 984 2044; x_wconf 91' lang='lat' dir='ltr'>eos,</span> <span class='ocrx_word' id='word_1_210' title='bbox 1036 1958 1137 2027; x_wconf 91' lang='lat' dir='ltr'>modi</span> <span class='ocrx_word' id='word_1_211' title='bbox 1165 1955 1322 2032; x_wconf 89' lang='lat' dir='ltr'>technas.</span> <span class='ocrx_word' id='word_1_212' title='bbox 1387 1961 1440 2032; x_wconf 86' lang='lat' dir='ltr'>Ea</span> <span class='ocrx_word' id='word_1_213' title='bbox 1464 1963 1522 2033; x_wconf 80' lang='lat' dir='ltr'>lex</span> <span class='ocrx_word' id='word_1_214' title='bbox 1548 1990 1672 2038; x_wconf 92' lang='lat' dir='ltr'>omnes</span> <span class='ocrx_word' id='word_1_215' title='bbox 1694 1970 1824 2042; x_wconf 91' lang='lat' dir='ltr'>electos</span> <span class='ocrx_word' id='word_1_216' title='bbox 1853 1971 2033 2064; x_wconf 87' lang='lat' dir='ltr'>suffragiis</span> 
     </span>
     <span class='ocr_line' id='line_1_18' title="bbox 12 2060 2034 2160; baseline 0.007 -32"><span class='ocrx_word' id='word_1_217' title='bbox 12 2061 55 2155; x_wconf 80' lang='lat' dir='ltr'>pui</span> <span class='ocrx_word' id='word_1_218' title='bbox 83 2061 248 2131; x_wconf 91' lang='lat' dir='ltr'>nondum</span> <span class='ocrx_word' id='word_1_219' title='bbox 279 2061 480 2130; x_wconf 89' lang='lat' dir='ltr'>retulerunt</span> <span class='ocrx_word' id='word_1_220' title='bbox 511 2060 691 2147; x_wconf 89' lang='lat' dir='ltr'>rationes,</span> <span class='ocrx_word' id='word_1_221' title='bbox 738 2077 863 2134; x_wconf 89' lang='lat' dir='ltr'>contra</span> <span class='ocrx_word' id='word_1_222' title='bbox 895 2087 985 2158; x_wconf 86' lang='lat' dir='ltr'>quas</span> <span class='ocrx_word' id='word_1_223' title='bbox 1036 2061 1164 2154; x_wconf 94' lang='lat' dir='ltr'>populi</span> <span class='ocrx_word' id='word_1_224' title='bbox 1178 2061 1271 2132; x_wconf 89' lang='lat' dir='ltr'>clarc</span> <span class='ocrx_word' id='word_1_225' title='bbox 1290 2065 1447 2157; x_wconf 89' lang='lat' dir='ltr'>appellat</span> <span class='ocrx_word' id='word_1_226' title='bbox 1465 2068 1705 2160; x_wconf 85' lang='lat' dir='ltr'>magistratus.</span> <span class='ocrx_word' id='word_1_227' title='bbox 1755 2073 1896 2144; x_wconf 88' lang='lat' dir='ltr'>Deinde</span> <span class='ocrx_word' id='word_1_228' title='bbox 1921 2074 2034 2160; x_wconf 90' lang='lat' dir='ltr'>addit,</span> 
     </span>
     <span class='ocr_line' id='line_1_19' title="bbox 12 2159 2034 2270; baseline 0.008 -38"><span class='ocrx_word' id='word_1_229' title='bbox 12 2159 232 2256; x_wconf 71' lang='lat' dir='ltr'>ltesiphontis</span> <span class='ocrx_word' id='word_1_230' title='bbox 249 2163 382 2233; x_wconf 87' lang='lat' dir='ltr'>lactum</span> <span class='ocrx_word' id='word_1_231' title='bbox 400 2175 453 2234; x_wconf 91' lang='lat' dir='ltr'>est</span> <span class='ocrx_word' id='word_1_232' title='bbox 469 2165 671 2250; x_wconf 89' lang='lat' dir='ltr'>decretum,</span> <span class='ocrx_word' id='word_1_233' title='bbox 695 2189 811 2258; x_wconf 91' lang='lat' dir='ltr'>panca</span> <span class='ocrx_word' id='word_1_234' title='bbox 829 2166 958 2238; x_wconf 87' lang='lat' dir='ltr'>dicam.</span> <span class='ocrx_word' id='word_1_235' title='bbox 1036 2163 1265 2254; x_wconf 84' lang='lat' dir='ltr'>magistratus</span> <span class='ocrx_word' id='word_1_236' title='bbox 1295 2191 1370 2237; x_wconf 90' lang='lat' dir='ltr'>esse</span> <span class='ocrx_word' id='word_1_237' title='bbox 1402 2193 1546 2256; x_wconf 91' lang='lat' dir='ltr'>omnes,</span> <span class='ocrx_word' id='word_1_238' title='bbox 1595 2197 1687 2267; x_wconf 92' lang='lat' dir='ltr'>quos</span> <span class='ocrx_word' id='word_1_239' title='bbox 1717 2175 1851 2245; x_wconf 89' lang='lat' dir='ltr'>creavit</span> <span class='ocrx_word' id='word_1_240' title='bbox 1877 2177 2034 2270; x_wconf 93' lang='lat' dir='ltr'>populus</span> 
     </span>
    </p>

    <p class='ocr_par' dir='ltr' id='par_1_6' title="bbox 12 2266 2034 3194">
     <span class='ocr_line' id='line_1_20' title="bbox 89 2266 2034 2369; baseline 0.006 -31"><span class='ocrx_word' id='word_1_241' title='bbox 89 2266 342 2358; x_wconf 87' lang='lat' dir='ltr'>Superioribus</span> <span class='ocrx_word' id='word_1_242' title='bbox 375 2267 598 2359; x_wconf 89' lang='lat' dir='ltr'>temporibus</span> <span class='ocrx_word' id='word_1_243' title='bbox 635 2267 865 2360; x_wconf 86' lang='lat' dir='ltr'>magistratus</span> <span class='ocrx_word' id='word_1_244' title='bbox 907 2269 985 2364; x_wconf 92' lang='lat' dir='ltr'>qui·</span> <span class='ocrx_word' id='word_1_245' title='bbox 1036 2266 1233 2358; x_wconf 87' lang='lat' dir='ltr'>suffragiis,</span> <span class='ocrx_word' id='word_1_246' title='bbox 1260 2269 1369 2340; x_wconf 88' lang='lat' dir='ltr'>etiam</span> <span class='ocrx_word' id='word_1_247' title='bbox 1393 2295 1474 2355; x_wconf 92' lang='lat' dir='ltr'>eos,</span> <span class='ocrx_word' id='word_1_248' title='bbox 1508 2272 1637 2369; x_wconf 89' lang='lat' dir='ltr'>quibus</span> <span class='ocrx_word' id='word_1_249' title='bbox 1662 2276 1861 2349; x_wconf 86' lang='lat' dir='ltr'>aedificatio</span> <span class='ocrx_word' id='word_1_250' title='bbox 1884 2282 2034 2350; x_wconf 90' lang='lat' dir='ltr'>manda-</span> 
     </span>
     <span class='ocr_line' id='line_1_21' title="bbox 12 2367 2032 2462; baseline 0.008 -26"><span class='ocrx_word' id='word_1_251' title='bbox 12 2367 91 2454; x_wconf 90' lang='lat' dir='ltr'>lam‚</span> <span class='ocrx_word' id='word_1_252' title='bbox 118 2395 200 2440; x_wconf 90' lang='lat' dir='ltr'>cum</span> <span class='ocrx_word' id='word_1_253' title='bbox 215 2369 395 2462; x_wconf 88' lang='lat' dir='ltr'>publicam</span> <span class='ocrx_word' id='word_1_254' title='bbox 411 2369 602 2462; x_wconf 90' lang='lat' dir='ltr'>pecuniam</span> <span class='ocrx_word' id='word_1_255' title='bbox 625 2371 720 2442; x_wconf 92' lang='lat' dir='ltr'>mala</span> <span class='ocrx_word' id='word_1_256' title='bbox 745 2373 814 2442; x_wconf 82' lang='lat' dir='ltr'>lide</span> <span class='ocrx_word' id='word_1_257' title='bbox 837 2385 985 2443; x_wconf 92' lang='lat' dir='ltr'>tractas-</span> <span class='ocrx_word' id='word_1_258' title='bbox 1037 2380 1107 2441; x_wconf 92' lang='lat' dir='ltr'>tur.</span> <span class='ocrx_word' id='word_1_259' title='bbox 1159 2367 1223 2442; x_wconf 89' lang='lat' dir='ltr'>Est</span> <span class='ocrx_word' id='word_1_260' title='bbox 1238 2384 1358 2442; x_wconf 91' lang='lat' dir='ltr'>autem</span> <span class='ocrx_word' id='word_1_261' title='bbox 1374 2370 1612 2446; x_wconf 89' lang='lat' dir='ltr'>Demostheni</span> <span class='ocrx_word' id='word_1_262' title='bbox 1627 2381 1795 2451; x_wconf 90' lang='lat' dir='ltr'>mandata</span> <span class='ocrx_word' id='word_1_263' title='bbox 1818 2381 2032 2452; x_wconf 89' lang='lat' dir='ltr'>instauratio</span> 
     </span>
     <span class='ocr_line' id='line_1_22' title="bbox 12 2470 2034 2576; baseline 0.007 -36"><span class='ocrx_word' id='word_1_264' title='bbox 12 2485 84 2556; x_wconf 92' lang='lat' dir='ltr'>ent,</span> <span class='ocrx_word' id='word_1_265' title='bbox 110 2473 356 2564; x_wconf 89' lang='lat' dir='ltr'>adiungehant</span> <span class='ocrx_word' id='word_1_266' title='bbox 378 2472 447 2571; x_wconf 84' lang='lat' dir='ltr'>sibi</span> <span class='ocrx_word' id='word_1_267' title='bbox 462 2484 498 2543; x_wconf 92' lang='lat' dir='ltr'>et</span> <span class='ocrx_word' id='word_1_268' title='bbox 511 2487 673 2545; x_wconf 89' lang='lat' dir='ltr'>senatum</span> <span class='ocrx_word' id='word_1_269' title='bbox 691 2488 726 2545; x_wconf 89' lang='lat' dir='ltr'>ct</span> <span class='ocrx_word' id='word_1_270' title='bbox 740 2471 923 2576; x_wconf 78' lang='lat' dir='ltr'>rhetores,</span> <span class='ocrx_word' id='word_1_271' title='bbox 950 2487 985 2544; x_wconf 90' lang='lat' dir='ltr'>et</span> <span class='ocrx_word' id='word_1_272' title='bbox 1035 2470 1186 2541; x_wconf 84' lang='lat' dir='ltr'>maximi</span> <span class='ocrx_word' id='word_1_273' title='bbox 1207 2475 1348 2566; x_wconf 92' lang='lat' dir='ltr'>operis,</span> <span class='ocrx_word' id='word_1_274' title='bbox 1381 2475 1548 2548; x_wconf 88' lang='lat' dir='ltr'>videlicet</span> <span class='ocrx_word' id='word_1_275' title='bbox 1571 2503 1773 2554; x_wconf 87' lang='lat' dir='ltr'>murorum.</span> <span class='ocrx_word' id='word_1_276' title='bbox 1829 2484 2034 2570; x_wconf 91' lang='lat' dir='ltr'>Postremo,</span> 
     </span>
     <span class='ocr_line' id='line_1_23' title="bbox 12 2573 2034 2679; baseline 0.007 -36"><span class='ocrx_word' id='word_1_277' title='bbox 12 2599 35 2643; x_wconf 64' lang='lat' dir='ltr'>er</span> <span class='ocrx_word' id='word_1_278' title='bbox 55 2577 154 2667; x_wconf 91' lang='lat' dir='ltr'>plebe</span> <span class='ocrx_word' id='word_1_279' title='bbox 181 2575 324 2669; x_wconf 88' lang='lat' dir='ltr'>aliquos</span> <span class='ocrx_word' id='word_1_280' title='bbox 348 2576 500 2668; x_wconf 87' lang='lat' dir='ltr'>pecunia</span> <span class='ocrx_word' id='word_1_281' title='bbox 530 2590 739 2671; x_wconf 89' lang='lat' dir='ltr'>corruptos,</span> <span class='ocrx_word' id='word_1_282' title='bbox 780 2591 821 2648; x_wconf 93' lang='lat' dir='ltr'>ut</span> <span class='ocrx_word' id='word_1_283' title='bbox 852 2574 983 2648; x_wconf 92' lang='lat' dir='ltr'>horum</span> <span class='ocrx_word' id='word_1_284' title='bbox 1036 2573 1265 2665; x_wconf 86' lang='lat' dir='ltr'>magistratus</span> <span class='ocrx_word' id='word_1_285' title='bbox 1281 2601 1355 2650; x_wconf 92' lang='lat' dir='ltr'>esse</span> <span class='ocrx_word' id='word_1_286' title='bbox 1373 2593 1493 2651; x_wconf 89' lang='lat' dir='ltr'>censet</span> <span class='ocrx_word' id='word_1_287' title='bbox 1516 2605 1659 2667; x_wconf 89' lang='lat' dir='ltr'>omnes,</span> <span class='ocrx_word' id='word_1_288' title='bbox 1691 2584 1756 2679; x_wconf 91' lang='lat' dir='ltr'>qui</span> <span class='ocrx_word' id='word_1_289' title='bbox 1779 2587 2034 2658; x_wconf 88' lang='lat' dir='ltr'>administrant</span> 
     </span>
     <span class='ocr_line' id='line_1_24' title="bbox 12 2677 2033 2784; baseline 0.006 -38"><span class='ocrx_word' id='word_1_290' title='bbox 12 2701 95 2769; x_wconf 62' lang='lat' dir='ltr'>*pera</span> <span class='ocrx_word' id='word_1_291' title='bbox 112 2690 333 2748; x_wconf 88' lang='lat' dir='ltr'>ornarentur</span> <span class='ocrx_word' id='word_1_292' title='bbox 346 2678 614 2752; x_wconf 89' lang='lat' dir='ltr'>laudationibus</span> <span class='ocrx_word' id='word_1_293' title='bbox 627 2693 663 2751; x_wconf 90' lang='lat' dir='ltr'>et</span> <span class='ocrx_word' id='word_1_294' title='bbox 677 2683 879 2775; x_wconf 87' lang='lat' dir='ltr'>praeconiis</span> <span class='ocrx_word' id='word_1_295' title='bbox 900 2694 983 2751; x_wconf 91' lang='lat' dir='ltr'>ante</span> <span class='ocrx_word' id='word_1_296' title='bbox 1036 2677 1295 2768; x_wconf 81' lang='lat' dir='ltr'>rempublicam</span> <span class='ocrx_word' id='word_1_297' title='bbox 1313 2681 1393 2778; x_wconf 74' lang='lat' dir='ltr'>plus</span> <span class='ocrx_word' id='word_1_298' title='bbox 1410 2682 1535 2756; x_wconf 91' lang='lat' dir='ltr'>diebus</span> <span class='ocrx_word' id='word_1_299' title='bbox 1558 2685 1725 2776; x_wconf 89' lang='lat' dir='ltr'>triginta,</span> <span class='ocrx_word' id='word_1_300' title='bbox 1760 2701 1795 2758; x_wconf 90' lang='lat' dir='ltr'>et</span> <span class='ocrx_word' id='word_1_301' title='bbox 1817 2687 1880 2784; x_wconf 92' lang='lat' dir='ltr'>qui</span> <span class='ocrx_word' id='word_1_302' title='bbox 1901 2689 2033 2759; x_wconf 89' lang='lat' dir='ltr'>iudicia</span> 
     </span>
     <span class='ocr_line' id='line_1_25' title="bbox 12 2779 2034 2881; baseline 0.007 -31"><span class='ocrx_word' id='word_1_303' title='bbox 12 2780 157 2852; x_wconf 86' lang='lat' dir='ltr'>odicium</span> <span class='ocrx_word' id='word_1_304' title='bbox 172 2805 298 2852; x_wconf 89' lang='lat' dir='ltr'>rerum</span> <span class='ocrx_word' id='word_1_305' title='bbox 313 2793 504 2872; x_wconf 89' lang='lat' dir='ltr'>gestarum.</span> <span class='ocrx_word' id='word_1_306' title='bbox 545 2779 669 2878; x_wconf 90' lang='lat' dir='ltr'>ltaque</span> <span class='ocrx_word' id='word_1_307' title='bbox 686 2784 725 2853; x_wconf 93' lang='lat' dir='ltr'>in</span> <span class='ocrx_word' id='word_1_308' title='bbox 740 2783 873 2854; x_wconf 89' lang='lat' dir='ltr'>iudicio</span> <span class='ocrx_word' id='word_1_309' title='bbox 887 2808 985 2855; x_wconf 89' lang='lat' dir='ltr'>scru-</span> <span class='ocrx_word' id='word_1_310' title='bbox 1037 2793 1212 2852; x_wconf 83' lang='lat' dir='ltr'>exercent.</span> <span class='ocrx_word' id='word_1_311' title='bbox 1261 2783 1379 2854; x_wconf 92' lang='lat' dir='ltr'>Porro</span> <span class='ocrx_word' id='word_1_312' title='bbox 1397 2781 1505 2871; x_wconf 88' lang='lat' dir='ltr'>ethi,</span> <span class='ocrx_word' id='word_1_313' title='bbox 1539 2787 1603 2881; x_wconf 93' lang='lat' dir='ltr'>qui</span> <span class='ocrx_word' id='word_1_314' title='bbox 1624 2806 1796 2880; x_wconf 89' lang='lat' dir='ltr'>praesunt</span> <span class='ocrx_word' id='word_1_315' title='bbox 1817 2793 2034 2865; x_wconf 87' lang='lat' dir='ltr'>aedificatio-</span> 
     </span>
     <span class='ocr_line' id='line_1_26' title="bbox 12 2881 2033 2981; baseline 0.009 -33"><span class='ocrx_word' id='word_1_316' title='bbox 12 2883 90 2956; x_wconf 75' lang='lat' dir='ltr'>·ulus</span> <span class='ocrx_word' id='word_1_317' title='bbox 114 2884 344 2954; x_wconf 90' lang='lat' dir='ltr'>iniicicbatur</span> <span class='ocrx_word' id='word_1_318' title='bbox 367 2897 443 2955; x_wconf 91' lang='lat' dir='ltr'>tum</span> <span class='ocrx_word' id='word_1_319' title='bbox 465 2888 729 2958; x_wconf 90' lang='lat' dir='ltr'>accusatoribus</span> <span class='ocrx_word' id='word_1_320' title='bbox 753 2898 830 2958; x_wconf 89' lang='lat' dir='ltr'>tum</span> <span class='ocrx_word' id='word_1_321' title='bbox 858 2887 984 2958; x_wconf 89' lang='lat' dir='ltr'>iudici·</span> <span class='ocrx_word' id='word_1_322' title='bbox 1035 2881 1160 2968; x_wconf 90' lang='lat' dir='ltr'>nibus,</span> <span class='ocrx_word' id='word_1_323' title='bbox 1199 2900 1363 2957; x_wconf 75' lang='lat' dir='ltr'>exercent</span> <span class='ocrx_word' id='word_1_324' title='bbox 1395 2891 1573 2981; x_wconf 89' lang='lat' dir='ltr'>quaedam</span> <span class='ocrx_word' id='word_1_325' title='bbox 1597 2890 1747 2962; x_wconf 90' lang='lat' dir='ltr'>iudicia:</span> <span class='ocrx_word' id='word_1_326' title='bbox 1788 2890 1854 2966; x_wconf 90' lang='lat' dir='ltr'>hos</span> <span class='ocrx_word' id='word_1_327' title='bbox 1877 2895 1936 2966; x_wconf 80' lang='lat' dir='ltr'>lex</span> <span class='ocrx_word' id='word_1_328' title='bbox 1957 2919 2033 2967; x_wconf 92' lang='lat' dir='ltr'>non</span> 
     </span>
     <span class='ocr_line' id='line_1_27' title="bbox 13 2983 2034 3087; baseline 0.013 -31"><span class='ocrx_word' id='word_1_329' title='bbox 13 3011 63 3057; x_wconf 87' lang='lat' dir='ltr'>us.</span> <span class='ocrx_word' id='word_1_330' title='bbox 121 2987 234 3058; x_wconf 90' lang='lat' dir='ltr'>Multi</span> <span class='ocrx_word' id='word_1_331' title='bbox 257 2986 352 3057; x_wconf 90' lang='lat' dir='ltr'>enim</span> <span class='ocrx_word' id='word_1_332' title='bbox 377 2986 415 3056; x_wconf 92' lang='lat' dir='ltr'>in</span> <span class='ocrx_word' id='word_1_333' title='bbox 436 2989 625 3060; x_wconf 82' lang='lat' dir='ltr'>manifesto</span> <span class='ocrx_word' id='word_1_334' title='bbox 649 2992 745 3060; x_wconf 84' lang='lat' dir='ltr'>furto</span> <span class='ocrx_word' id='word_1_335' title='bbox 771 2987 984 3083; x_wconf 90' lang='lat' dir='ltr'>deprehensi</span> <span class='ocrx_word' id='word_1_336' title='bbox 1036 2983 1123 3054; x_wconf 91' lang='lat' dir='ltr'>dicit</span> <span class='ocrx_word' id='word_1_337' title='bbox 1144 2991 1436 3078; x_wconf 89' lang='lat' dir='ltr'>procurationem</span> <span class='ocrx_word' id='word_1_338' title='bbox 1459 2991 1617 3087; x_wconf 88' lang='lat' dir='ltr'>aliquam</span> <span class='ocrx_word' id='word_1_339' title='bbox 1645 2995 1840 3082; x_wconf 68' lang='lat' dir='ltr'>sustinere,</span> <span class='ocrx_word' id='word_1_340' title='bbox 1872 2999 1935 3070; x_wconf 67' lang='lat' dir='ltr'>sed</span> <span class='ocrx_word' id='word_1_341' title='bbox 1957 3023 2034 3069; x_wconf 76' lang='lat'>¹¹¹³·</span> 
     </span>
     <span class='ocr_line' id='line_1_28' title="bbox 13 3087 2034 3194; baseline 0.011 -37"><span class='ocrx_word' id='word_1_342' title='bbox 13 3092 201 3160; x_wconf 91' lang='lat' dir='ltr'>tconvicti</span> <span class='ocrx_word' id='word_1_343' title='bbox 224 3089 380 3162; x_wconf 91' lang='lat' dir='ltr'>absoluti</span> <span class='ocrx_word' id='word_1_344' title='bbox 404 3102 506 3174; x_wconf 88' lang='lat' dir='ltr'>sunt,</span> <span class='ocrx_word' id='word_1_345' title='bbox 549 3092 633 3185; x_wconf 92' lang='lat' dir='ltr'>quia</span> <span class='ocrx_word' id='word_1_346' title='bbox 657 3093 815 3186; x_wconf 92' lang='lat' dir='ltr'>pudebat</span> <span class='ocrx_word' id='word_1_347' title='bbox 836 3093 984 3178; x_wconf 89' lang='lat' dir='ltr'>iudices,</span> <span class='ocrx_word' id='word_1_348' title='bbox 1037 3087 1206 3178; x_wconf 68' lang='lat' dir='ltr'>glslralus</span> <span class='ocrx_word' id='word_1_349' title='bbox 1242 3115 1385 3182; x_wconf 69' lang='lat' dir='ltr'>gerere,</span> <span class='ocrx_word' id='word_1_350' title='bbox 1427 3107 1621 3189; x_wconf 74' lang='lat' dir='ltr'>P⁰⁵lq11³m</span> <span class='ocrx_word' id='word_1_351' title='bbox 1648 3121 1668 3166; x_wconf 71' lang='grc' dir='ltr'><strong>ὃ</strong></span> <span class='ocrx_word' id='word_1_352' title='bbox 1693 3098 1871 3172; x_wconf 70' lang='lat' dir='ltr'>iudicibus</span> <span class='ocrx_word' id='word_1_353' title='bbox 1902 3125 2034 3194; x_wconf 73' lang='lat' dir='ltr'>appro-</span> 
     </span>
    </p>
   </div>
   <div class='ocr_carea' id='block_1_5' title="bbox 13 3190 2161 3296">
    <p class='ocr_par' dir='ltr' id='par_1_7' title="bbox 13 3190 2161 3296">
     <span class='ocr_line' id='line_1_29' title="bbox 13 3190 2161 3296; baseline 0.006 -34"><span class='ocrx_word' id='word_1_354' title='bbox 13 3217 85 3278; x_wconf 90' lang='lat' dir='ltr'>um,</span> <span class='ocrx_word' id='word_1_355' title='bbox 119 3194 185 3290; x_wconf 92' lang='lat' dir='ltr'>qui</span> <span class='ocrx_word' id='word_1_356' title='bbox 202 3217 320 3286; x_wconf 91' lang='lat' dir='ltr'>nuper</span> <span class='ocrx_word' id='word_1_357' title='bbox 337 3191 376 3262; x_wconf 93' lang='lat' dir='ltr'>in</span> <span class='ocrx_word' id='word_1_358' title='bbox 402 3196 526 3263; x_wconf 88' lang='lat' dir='ltr'>eadem</span> <span class='ocrx_word' id='word_1_359' title='bbox 548 3195 657 3280; x_wconf 90' lang='lat' dir='ltr'>urhe,</span> <span class='ocrx_word' id='word_1_360' title='bbox 690 3195 852 3268; x_wconf 85' lang='lat' dir='ltr'>fortassis</span> <span class='ocrx_word' id='word_1_361' title='bbox 875 3196 982 3266; x_wconf 89' lang='lat' dir='ltr'>etiam</span> <span class='ocrx_word' id='word_1_362' title='bbox 1035 3190 1111 3259; x_wconf 90' lang='lat' dir='ltr'>bati</span> <span class='ocrx_word' id='word_1_363' title='bbox 1127 3204 1222 3263; x_wconf 89' lang='lat' dir='ltr'>sunt.</span> <span class='ocrx_word' id='word_1_364' title='bbox 1273 3195 1368 3266; x_wconf 90' lang='lat' dir='ltr'>Nam</span> <span class='ocrx_word' id='word_1_365' title='bbox 1386 3207 1420 3266; x_wconf 90' lang='lat' dir='ltr'>et</span> <span class='ocrx_word' id='word_1_366' title='bbox 1434 3199 1681 3288; x_wconf 88' lang='lat' dir='ltr'>magistratus,</span> <span class='ocrx_word' id='word_1_367' title='bbox 1715 3203 1779 3296; x_wconf 91' lang='lat' dir='ltr'>qui</span> <span class='ocrx_word' id='word_1_368' title='bbox 1797 3218 1893 3275; x_wconf 90' lang='lat' dir='ltr'>sorte</span> <span class='ocrx_word' id='word_1_369' title='bbox 1910 3205 2039 3274; x_wconf 71' lang='lat' dir='ltr'>crean·‘</span> <span class='ocrx_word' id='word_1_370' title='bbox 2156 3238 2161 3250; x_wconf 93' lang='lat'>·</span> 
     </span>
    </p>
   </div>
   <div class='ocr_carea' id='block_1_6' title="bbox 13 3296 2124 5453">
    <p class='ocr_par' dir='ltr' id='par_1_8' title="bbox 13 3296 2124 5041">
     <span class='ocr_line' id='line_1_30' title="bbox 13 3296 2035 3401; baseline 0.006 -37"><span class='ocrx_word' id='word_1_371' title='bbox 13 3297 110 3366; x_wconf 90' lang='lat' dir='ltr'>odem</span> <span class='ocrx_word' id='word_1_372' title='bbox 127 3323 249 3383; x_wconf 87' lang='lat' dir='ltr'>anno,</span> <span class='ocrx_word' id='word_1_373' title='bbox 273 3296 415 3391; x_wconf 90' lang='lat' dir='ltr'>publice</span> <span class='ocrx_word' id='word_1_374' title='bbox 429 3309 579 3390; x_wconf 91' lang='lat' dir='ltr'>propter</span> <span class='ocrx_word' id='word_1_375' title='bbox 596 3297 769 3369; x_wconf 89' lang='lat' dir='ltr'>iustitiam</span> <span class='ocrx_word' id='word_1_376' title='bbox 791 3313 984 3370; x_wconf 88' lang='lat' dir='ltr'>coronatus</span> <span class='ocrx_word' id='word_1_377' title='bbox 1036 3305 1114 3378; x_wconf 78' lang='lat' dir='ltr'>tur,</span> <span class='ocrx_word' id='word_1_378' title='bbox 1139 3317 1214 3363; x_wconf 85' lang='lat' dir='ltr'>non</span> <span class='ocrx_word' id='word_1_379' title='bbox 1232 3297 1359 3368; x_wconf 85' lang='lat' dir='ltr'>ineunt</span> <span class='ocrx_word' id='word_1_380' title='bbox 1375 3299 1624 3392; x_wconf 88' lang='lat' dir='ltr'>magistratus,</span> <span class='ocrx_word' id='word_1_381' title='bbox 1657 3303 1867 3401; x_wconf 87' lang='lat' dir='ltr'>priusquam</span> <span class='ocrx_word' id='word_1_382' title='bbox 1895 3333 1915 3376; x_wconf 90' lang='lat' dir='ltr'>a</span> <span class='ocrx_word' id='word_1_383' title='bbox 1940 3308 2035 3378; x_wconf 90' lang='lat' dir='ltr'>iudi-</span> 
     </span>
     <span class='ocr_line' id='line_1_31' title="bbox 13 3397 2109 3499; baseline 0.01 -32"><span class='ocrx_word' id='word_1_384' title='bbox 13 3413 78 3484; x_wconf 89' lang='lat' dir='ltr'>rat,</span> <span class='ocrx_word' id='word_1_385' title='bbox 112 3402 227 3494; x_wconf 92' lang='lat' dir='ltr'>paulo</span> <span class='ocrx_word' id='word_1_386' title='bbox 257 3412 340 3492; x_wconf 89' lang='lat' dir='ltr'>post</span> <span class='ocrx_word' id='word_1_387' title='bbox 367 3400 406 3470; x_wconf 94' lang='lat' dir='ltr'>in</span> <span class='ocrx_word' id='word_1_388' title='bbox 435 3401 511 3472; x_wconf 88' lang='lat' dir='ltr'>cius</span> <span class='ocrx_word' id='word_1_389' title='bbox 539 3401 592 3470; x_wconf 88' lang='lat' dir='ltr'>rei</span> <span class='ocrx_word' id='word_1_390' title='bbox 620 3402 753 3473; x_wconf 90' lang='lat' dir='ltr'>iudicio</span> <span class='ocrx_word' id='word_1_391' title='bbox 781 3402 869 3473; x_wconf 80' lang='lat' dir='ltr'>furti</span> <span class='ocrx_word' id='word_1_392' title='bbox 899 3427 984 3472; x_wconf 92' lang='lat' dir='ltr'>con·</span> <span class='ocrx_word' id='word_1_393' title='bbox 1037 3397 1135 3466; x_wconf 76' lang='lat' dir='ltr'>cibus</span> <span class='ocrx_word' id='word_1_394' title='bbox 1151 3399 1327 3490; x_wconf 65' lang='lat' dir='ltr'>explorati</span> <span class='ocrx_word' id='word_1_395' title='bbox 1342 3400 1433 3485; x_wconf 69' lang='lat' dir='ltr'>sini,</span> <span class='ocrx_word' id='word_1_396' title='bbox 1467 3428 1599 3499; x_wconf 72' lang='lat' dir='ltr'>e⁰sq¹1e</span> <span class='ocrx_word' id='word_1_397' title='bbox 1618 3405 1712 3498; x_wconf 73' lang='lat' dir='ltr'>cogit</span> <span class='ocrx_word' id='word_1_398' title='bbox 1726 3407 1784 3477; x_wconf 75' lang='lat' dir='ltr'>lex</span> <span class='ocrx_word' id='word_1_399' title='bbox 1798 3409 1957 3481; x_wconf 74' lang='lat' dir='ltr'>rationes</span> <span class='ocrx_word' id='word_1_400' title='bbox 1974 3413 2034 3482; x_wconf 80' lang='lat' dir='ltr'>dc·</span> <span class='ocrx_word' id='word_1_401' title='bbox 2103 3443 2109 3452; x_wconf 68' lang='grc'><em>“</em></span> 
     </span>
     <span class='ocr_line' id='line_1_32' title="bbox 13 3503 2035 3606; baseline 0.007 -36"><span class='ocrx_word' id='word_1_402' title='bbox 13 3527 167 3576; x_wconf 88' lang='lat' dir='ltr'>emnare.</span> <span class='ocrx_word' id='word_1_403' title='bbox 223 3503 396 3596; x_wconf 92' lang='lat' dir='ltr'>Oportuit</span> <span class='ocrx_word' id='word_1_404' title='bbox 414 3503 523 3594; x_wconf 88' lang='lat' dir='ltr'>igitur</span> <span class='ocrx_word' id='word_1_405' title='bbox 547 3503 681 3576; x_wconf 91' lang='lat' dir='ltr'>iudices</span> <span class='ocrx_word' id='word_1_406' title='bbox 703 3505 775 3576; x_wconf 91' lang='lat' dir='ltr'>suis</span> <span class='ocrx_word' id='word_1_407' title='bbox 799 3505 984 3577; x_wconf 89' lang='lat' dir='ltr'>sententiis</span> <span class='ocrx_word' id='word_1_408' title='bbox 1035 3523 1170 3592; x_wconf 75' lang='lat' dir='ltr'>ponere</span> <span class='ocrx_word' id='word_1_409' title='bbox 1188 3505 1285 3594; x_wconf 77' lang='lat' dir='ltr'>apud</span> <span class='ocrx_word' id='word_1_410' title='bbox 1298 3504 1451 3575; x_wconf 82' lang='lat' dir='ltr'>scribam</span> <span class='ocrx_word' id='word_1_411' title='bbox 1467 3518 1503 3575; x_wconf 80' lang='lat' dir='ltr'>et</span> <span class='ocrx_word' id='word_1_412' title='bbox 1517 3509 1699 3577; x_wconf 86' lang='lat' dir='ltr'>rationum</span> <span class='ocrx_word' id='word_1_413' title='bbox 1716 3515 1890 3583; x_wconf 88' lang='lat' dir='ltr'>custodes.</span> <span class='ocrx_word' id='word_1_414' title='bbox 1925 3513 2035 3606; x_wconf 87' lang='lat' dir='ltr'>Quod</span> 
     </span>
     <span class='ocr_line' id='line_1_33' title="bbox 13 3603 2034 3710; baseline 0.006 -34"><span class='ocrx_word' id='word_1_415' title='bbox 13 3630 56 3674; x_wconf 93' lang='lat' dir='ltr'>on</span> <span class='ocrx_word' id='word_1_416' title='bbox 72 3603 245 3700; x_wconf 84' lang='lat' dir='ltr'>praesens</span> <span class='ocrx_word' id='word_1_417' title='bbox 259 3605 426 3676; x_wconf 92' lang='lat' dir='ltr'>delictum</span> <span class='ocrx_word' id='word_1_418' title='bbox 443 3605 589 3698; x_wconf 89' lang='lat' dir='ltr'>punire,</span> <span class='ocrx_word' id='word_1_419' title='bbox 615 3609 677 3677; x_wconf 90' lang='lat' dir='ltr'>sed</span> <span class='ocrx_word' id='word_1_420' title='bbox 691 3609 817 3701; x_wconf 85' lang='lat' dir='ltr'>populi</span> <span class='ocrx_word' id='word_1_421' title='bbox 832 3609 984 3680; x_wconf 82' lang='lat' dir='ltr'>dedecus</span> <span class='ocrx_word' id='word_1_422' title='bbox 1037 3615 1156 3670; x_wconf 88' lang='lat' dir='ltr'>autem</span> <span class='ocrx_word' id='word_1_423' title='bbox 1188 3629 1273 3673; x_wconf 88' lang='lat' dir='ltr'>vera</span> <span class='ocrx_word' id='word_1_424' title='bbox 1305 3607 1445 3692; x_wconf 91' lang='lat' dir='ltr'>dicam,</span> <span class='ocrx_word' id='word_1_425' title='bbox 1492 3609 1586 3699; x_wconf 91' lang='lat' dir='ltr'>leges</span> <span class='ocrx_word' id='word_1_426' title='bbox 1616 3609 1766 3710; x_wconf 77' lang='lat' dir='ltr'>ipsae⁶)</span> <span class='ocrx_word' id='word_1_427' title='bbox 1796 3614 2034 3688; x_wconf 87' lang='lat' dir='ltr'>testabuntur.</span> 
     </span>
     <span class='ocr_line' id='line_1_34' title="bbox 13 3703 2039 3808; baseline 0 -32"><span class='ocrx_word' id='word_1_428' title='bbox 13 3733 112 3801; x_wconf 77' lang='lat' dir='ltr'>egere.</span> <span class='ocrx_word' id='word_1_429' title='bbox 182 3709 263 3778; x_wconf 89' lang='lat' dir='ltr'>Hoc</span> <span class='ocrx_word' id='word_1_430' title='bbox 285 3733 365 3778; x_wconf 91' lang='lat' dir='ltr'>cum</span> <span class='ocrx_word' id='word_1_431' title='bbox 388 3709 698 3778; x_wconf 90' lang='lat' dir='ltr'>animadvertisset</span> <span class='ocrx_word' id='word_1_432' title='bbox 725 3710 875 3808; x_wconf 89' lang='lat' dir='ltr'>aliquis,</span> <span class='ocrx_word' id='word_1_433' title='bbox 915 3712 985 3780; x_wconf 87' lang='lat' dir='ltr'>sert</span> <span class='ocrx_word' id='word_1_434' title='bbox 1036 3703 1161 3772; x_wconf 85' lang='lat' dir='ltr'>Recita</span> <span class='ocrx_word' id='word_1_435' title='bbox 1175 3706 1282 3797; x_wconf 89' lang='lat' dir='ltr'>leges.</span> <span class='ocrx_word' id='word_1_436' title='bbox 1844 3791 1847 3801; x_wconf 19' lang='grc' dir='ltr'><strong>Α</strong></span> <span class='ocrx_word' id='word_1_437' title='bbox 2035 3733 2039 3742; x_wconf 79' lang='grc'><strong>’</strong></span> 
     </span>
     <span class='ocr_line' id='line_1_35' title="bbox 13 3805 2032 3918; baseline 0.003 -37"><span class='ocrx_word' id='word_1_438' title='bbox 13 3814 276 3885; x_wconf 90' lang='lat' dir='ltr'>onestissimam</span> <span class='ocrx_word' id='word_1_439' title='bbox 307 3812 441 3903; x_wconf 91' lang='lat' dir='ltr'>legem,</span> <span class='ocrx_word' id='word_1_440' title='bbox 484 3812 578 3880; x_wconf 91' lang='lat' dir='ltr'>clare</span> <span class='ocrx_word' id='word_1_441' title='bbox 603 3809 855 3903; x_wconf 87' lang='lat' dir='ltr'>prohibentem</span> <span class='ocrx_word' id='word_1_442' title='bbox 883 3837 985 3883; x_wconf 88' lang='lat' dir='ltr'>coro·</span> <span class='ocrx_word' id='word_1_443' title='bbox 1138 3805 1294 3900; x_wconf 83' lang='lat' dir='ltr'>Quando</span> <span class='ocrx_word' id='word_1_444' title='bbox 1323 3809 1433 3904; x_wconf 88' lang='lat' dir='ltr'>igitur</span> <span class='ocrx_word' id='word_1_445' title='bbox 1462 3807 1522 3881; x_wconf 87' lang='lat' dir='ltr'>isti</span> <span class='ocrx_word' id='word_1_446' title='bbox 1550 3814 1843 3918; x_wconf 79' lang='lat' dir='ltr'>procurationem</span> <span class='ocrx_word' id='word_1_447' title='bbox 1873 3817 2032 3913; x_wconf 89' lang='lat' dir='ltr'>aliquam</span> 
     </span>
     <span class='ocr_line' id='line_1_36' title="bbox 14 3908 2034 4015; baseline 0.003 -31"><span class='ocrx_word' id='word_1_448' title='bbox 14 3939 161 4001; x_wconf 79' lang='lat' dir='ltr'>amcos,</span> <span class='ocrx_word' id='word_1_449' title='bbox 192 3915 257 4010; x_wconf 90' lang='lat' dir='ltr'>qni</span> <span class='ocrx_word' id='word_1_450' title='bbox 272 3916 434 3985; x_wconf 92' lang='lat' dir='ltr'>nondum</span> <span class='ocrx_word' id='word_1_451' title='bbox 451 3913 656 3985; x_wconf 89' lang='lat' dir='ltr'>retulissent</span> <span class='ocrx_word' id='word_1_452' title='bbox 668 3915 838 3988; x_wconf 85' lang='lat' dir='ltr'>rationes.</span> <span class='ocrx_word' id='word_1_453' title='bbox 864 3915 982 3986; x_wconf 90' lang='lat' dir='ltr'>Porro</span> <span class='ocrx_word' id='word_1_454' title='bbox 1035 3908 1296 3984; x_wconf 87' lang='lat' dir='ltr'>nominandam</span> <span class='ocrx_word' id='word_1_455' title='bbox 1312 3939 1385 3986; x_wconf 90' lang='lat' dir='ltr'>esse</span> <span class='ocrx_word' id='word_1_456' title='bbox 1407 3917 1642 4001; x_wconf 90' lang='lat' dir='ltr'>contendent,</span> <span class='ocrx_word' id='word_1_457' title='bbox 1669 3915 1707 3986; x_wconf 93' lang='lat' dir='ltr'>id</span> <span class='ocrx_word' id='word_1_458' title='bbox 1727 3923 1825 4013; x_wconf 94' lang='lat' dir='ltr'>quod</span> <span class='ocrx_word' id='word_1_459' title='bbox 1844 3921 1901 3992; x_wconf 88' lang='lat' dir='ltr'>lex</span> <span class='ocrx_word' id='word_1_460' title='bbox 1921 3923 2034 4015; x_wconf 90' lang='lat' dir='ltr'>magi·</span> 
     </span>
     <span class='ocr_line' id='line_1_37' title="bbox 14 4018 2033 4112; baseline 0.001 -23"><span class='ocrx_word' id='word_1_461' title='bbox 14 4020 47 4089; x_wconf 81' lang='lat' dir='ltr'>tsi</span> <span class='ocrx_word' id='word_1_462' title='bbox 65 4022 103 4090; x_wconf 92' lang='lat' dir='ltr'>id</span> <span class='ocrx_word' id='word_1_463' title='bbox 120 4023 172 4090; x_wconf 88' lang='lat' dir='ltr'>ita</span> <span class='ocrx_word' id='word_1_464' title='bbox 191 4018 289 4088; x_wconf 88' lang='lat' dir='ltr'>cavit</span> <span class='ocrx_word' id='word_1_465' title='bbox 303 4018 504 4109; x_wconf 89' lang='lat' dir='ltr'>legislator,</span> <span class='ocrx_word' id='word_1_466' title='bbox 530 4030 651 4088; x_wconf 77' lang='lat' dir='ltr'>tanmn</span> <span class='ocrx_word' id='word_1_467' title='bbox 665 4019 886 4111; x_wconf 86' lang='lat' dir='ltr'>excogitatae</span> <span class='ocrx_word' id='word_1_468' title='bbox 901 4029 985 4089; x_wconf 89' lang='lat' dir='ltr'>sunt</span> <span class='ocrx_word' id='word_1_469' title='bbox 1037 4023 1185 4082; x_wconf 90' lang='lat' dir='ltr'>stratum</span> <span class='ocrx_word' id='word_1_470' title='bbox 1219 4029 1344 4103; x_wconf 89' lang='lat' dir='ltr'>vocat,</span> <span class='ocrx_word' id='word_1_471' title='bbox 1385 4031 1543 4090; x_wconf 88' lang='lat' dir='ltr'>vestrum</span> <span class='ocrx_word' id='word_1_472' title='bbox 1574 4021 1643 4089; x_wconf 90' lang='lat' dir='ltr'>erit</span> <span class='ocrx_word' id='word_1_473' title='bbox 1662 4020 1777 4112; x_wconf 89' lang='lat' dir='ltr'>legem</span> <span class='ocrx_word' id='word_1_474' title='bbox 1801 4048 1971 4095; x_wconf 88' lang='lat' dir='ltr'>revocare</span> <span class='ocrx_word' id='word_1_475' title='bbox 1993 4026 2033 4097; x_wconf 87' lang='lat' dir='ltr'>in</span> 
     </span>
     <span class='ocr_line' id='line_1_38' title="bbox 14 4117 2033 4219; baseline 0.004 -32"><span class='ocrx_word' id='word_1_476' title='bbox 14 4119 132 4194; x_wconf 67' lang='lat' dir='ltr'>echnae</span> <span class='ocrx_word' id='word_1_477' title='bbox 156 4124 206 4192; x_wconf 88' lang='lat' dir='ltr'>ad</span> <span class='ocrx_word' id='word_1_478' title='bbox 229 4122 443 4192; x_wconf 86' lang='lat' dir='ltr'>eludendam</span> <span class='ocrx_word' id='word_1_479' title='bbox 465 4121 599 4213; x_wconf 88' lang='lat' dir='ltr'>legem,</span> <span class='ocrx_word' id='word_1_480' title='bbox 641 4147 731 4217; x_wconf 91' lang='lat' dir='ltr'>quas</span> <span class='ocrx_word' id='word_1_481' title='bbox 760 4121 831 4194; x_wconf 91' lang='lat' dir='ltr'>nisi</span> <span class='ocrx_word' id='word_1_482' title='bbox 854 4123 984 4218; x_wconf 90' lang='lat' dir='ltr'>aliquis</span> <span class='ocrx_word' id='word_1_483' title='bbox 1035 4117 1268 4202; x_wconf 71' lang='lat' dir='ltr'>memoriam,</span> <span class='ocrx_word' id='word_1_484' title='bbox 1296 4145 1447 4216; x_wconf 75' lang='lat' dir='ltr'>eamque</span> <span class='ocrx_word' id='word_1_485' title='bbox 1468 4137 1651 4214; x_wconf 88' lang='lat' dir='ltr'>opponere</span> <span class='ocrx_word' id='word_1_486' title='bbox 1673 4123 1819 4195; x_wconf 90' lang='lat' dir='ltr'>illorum</span> <span class='ocrx_word' id='word_1_487' title='bbox 1843 4126 2033 4219; x_wconf 91' lang='lat' dir='ltr'>impuden-</span> 
     </span>
     <span class='ocr_line' id='line_1_39' title="bbox 14 4217 2033 4319; baseline 0.002 -23"><span class='ocrx_word' id='word_1_488' title='bbox 14 4240 141 4317; x_wconf 79' lang='lat' dir='ltr'>cponat</span> <span class='ocrx_word' id='word_1_489' title='bbox 159 4224 284 4309; x_wconf 85' lang='lat' dir='ltr'>vohis,</span> <span class='ocrx_word' id='word_1_490' title='bbox 310 4223 509 4317; x_wconf 89' lang='lat' dir='ltr'>pericnlum</span> <span class='ocrx_word' id='word_1_491' title='bbox 528 4236 598 4309; x_wconf 92' lang='lat' dir='ltr'>est,</span> <span class='ocrx_word' id='word_1_492' title='bbox 623 4227 794 4307; x_wconf 82' lang='lat' dir='ltr'>nevobis</span> <span class='ocrx_word' id='word_1_493' title='bbox 818 4226 983 4319; x_wconf 79' lang='lat' dir='ltr'>impona.</span> <span class='ocrx_word' id='word_1_494' title='bbox 1035 4217 1127 4302; x_wconf 89' lang='lat' dir='ltr'>tiae,</span> <span class='ocrx_word' id='word_1_495' title='bbox 1162 4245 1294 4316; x_wconf 90' lang='lat' dir='ltr'>cosque</span> <span class='ocrx_word' id='word_1_496' title='bbox 1321 4226 1536 4308; x_wconf 88' lang='lat' dir='ltr'>admonere,</span> <span class='ocrx_word' id='word_1_497' title='bbox 1577 4249 1642 4295; x_wconf 89' lang='lat' dir='ltr'>vos</span> <span class='ocrx_word' id='word_1_498' title='bbox 1674 4249 1748 4296; x_wconf 92' lang='lat' dir='ltr'>non</span> <span class='ocrx_word' id='word_1_499' title='bbox 1780 4230 1946 4300; x_wconf 89' lang='lat' dir='ltr'>assentiri</span> <span class='ocrx_word' id='word_1_500' title='bbox 1976 4254 2033 4300; x_wconf 90' lang='lat' dir='ltr'>ca·</span> 
     </span>
     <span class='ocr_line' id='line_1_40' title="bbox 14 4321 2034 4423; baseline 0.002 -26"><span class='ocrx_word' id='word_1_501' title='bbox 14 4353 49 4400; x_wconf 80' lang='lat'>11¹.</span> <span class='ocrx_word' id='word_1_502' title='bbox 102 4330 204 4401; x_wconf 88' lang='lat' dir='ltr'>Nam</span> <span class='ocrx_word' id='word_1_503' title='bbox 219 4326 453 4398; x_wconf 88' lang='lat' dir='ltr'>modestiores</span> <span class='ocrx_word' id='word_1_504' title='bbox 468 4328 614 4421; x_wconf 91' lang='lat' dir='ltr'>quidam</span> <span class='ocrx_word' id='word_1_505' title='bbox 630 4328 669 4396; x_wconf 91' lang='lat' dir='ltr'>in</span> <span class='ocrx_word' id='word_1_506' title='bbox 683 4323 759 4414; x_wconf 90' lang='lat' dir='ltr'>his,</span> <span class='ocrx_word' id='word_1_507' title='bbox 794 4328 856 4423; x_wconf 92' lang='lat' dir='ltr'>qni</span> <span class='ocrx_word' id='word_1_508' title='bbox 881 4353 983 4398; x_wconf 89' lang='lat' dir='ltr'>coro·</span> <span class='ocrx_word' id='word_1_509' title='bbox 1035 4321 1259 4410; x_wconf 88' lang='lat' dir='ltr'>lumniatori‚</span> <span class='ocrx_word' id='word_1_510' title='bbox 1286 4327 1348 4421; x_wconf 90' lang='lat' dir='ltr'>qui</span> <span class='ocrx_word' id='word_1_511' title='bbox 1366 4339 1514 4396; x_wconf 88' lang='lat' dir='ltr'>conetur</span> <span class='ocrx_word' id='word_1_512' title='bbox 1526 4328 1620 4419; x_wconf 91' lang='lat' dir='ltr'>leges</span> <span class='ocrx_word' id='word_1_513' title='bbox 1636 4329 1753 4402; x_wconf 89' lang='lat' dir='ltr'>verbis</span> <span class='ocrx_word' id='word_1_514' title='bbox 1769 4345 1944 4414; x_wconf 89' lang='lat' dir='ltr'>evertere;</span> <span class='ocrx_word' id='word_1_515' title='bbox 1970 4333 2034 4404; x_wconf 91' lang='lat' dir='ltr'>scd</span> 
     </span>
     <span class='ocr_line' id='line_1_41' title="bbox 14 4427 2033 4526; baseline 0.001 -26"><span class='ocrx_word' id='word_1_516' title='bbox 14 4455 44 4501; x_wconf 85' lang='lat' dir='ltr'>as</span> <span class='ocrx_word' id='word_1_517' title='bbox 72 4435 279 4503; x_wconf 89' lang='lat' dir='ltr'>decernunt</span> <span class='ocrx_word' id='word_1_518' title='bbox 310 4443 393 4500; x_wconf 91' lang='lat' dir='ltr'>ante</span> <span class='ocrx_word' id='word_1_519' title='bbox 422 4431 552 4501; x_wconf 90' lang='lat' dir='ltr'>relatas</span> <span class='ocrx_word' id='word_1_520' title='bbox 582 4432 761 4517; x_wconf 92' lang='lat' dir='ltr'>rationes,</span> <span class='ocrx_word' id='word_1_521' title='bbox 800 4430 831 4501; x_wconf 93' lang='lat' dir='ltr'>si</span> <span class='ocrx_word' id='word_1_522' title='bbox 861 4443 982 4500; x_wconf 90' lang='lat' dir='ltr'>tamen</span> <span class='ocrx_word' id='word_1_523' title='bbox 1036 4448 1108 4518; x_wconf 94' lang='lat' dir='ltr'>quo</span> <span class='ocrx_word' id='word_1_524' title='bbox 1127 4427 1289 4501; x_wconf 92' lang='lat' dir='ltr'>callidius</span> <span class='ocrx_word' id='word_1_525' title='bbox 1308 4429 1437 4500; x_wconf 85' lang='lat' dir='ltr'>dixerit</span> <span class='ocrx_word' id='word_1_526' title='bbox 1460 4429 1638 4524; x_wconf 88' lang='lat' dir='ltr'>quispiam</span> <span class='ocrx_word' id='word_1_527' title='bbox 1666 4446 1790 4503; x_wconf 88' lang='lat' dir='ltr'>contra</span> <span class='ocrx_word' id='word_1_528' title='bbox 1816 4435 1929 4526; x_wconf 90' lang='lat' dir='ltr'>leges,</span> <span class='ocrx_word' id='word_1_529' title='bbox 1962 4431 2033 4506; x_wconf 95' lang='lat' dir='ltr'>hoc</span> 
     </span>
     <span class='ocr_line' id='line_1_42' title="bbox 14 4526 2033 4632; baseline 0.002 -27"><span class='ocrx_word' id='word_1_530' title='bbox 14 4535 179 4632; x_wconf 83' lang='lat' dir='ltr'>risquam</span> <span class='ocrx_word' id='word_1_531' title='bbox 208 4546 262 4604; x_wconf 90' lang='lat' dir='ltr'>est</span> <span class='ocrx_word' id='word_1_532' title='bbox 290 4536 472 4605; x_wconf 89' lang='lat' dir='ltr'>modestus</span> <span class='ocrx_word' id='word_1_533' title='bbox 504 4534 758 4626; x_wconf 90' lang='lat' dir='ltr'>appellandus,</span> <span class='ocrx_word' id='word_1_534' title='bbox 799 4533 862 4628; x_wconf 90' lang='lat' dir='ltr'>qni</span> <span class='ocrx_word' id='word_1_535' title='bbox 889 4533 984 4626; x_wconf 87' lang='lat' dir='ltr'>leges</span> <span class='ocrx_word' id='word_1_536' title='bbox 1034 4526 1174 4598; x_wconf 87' lang='lat' dir='ltr'>maiore</span> <span class='ocrx_word' id='word_1_537' title='bbox 1191 4556 1309 4624; x_wconf 89' lang='lat' dir='ltr'>poena</span> <span class='ocrx_word' id='word_1_538' title='bbox 1327 4533 1475 4625; x_wconf 89' lang='lat' dir='ltr'>dignum</span> <span class='ocrx_word' id='word_1_539' title='bbox 1492 4557 1577 4604; x_wconf 89' lang='lat' dir='ltr'>esse.</span> <span class='ocrx_word' id='word_1_540' title='bbox 1637 4534 1793 4628; x_wconf 89' lang='lat' dir='ltr'>Oportet</span> <span class='ocrx_word' id='word_1_541' title='bbox 1814 4537 1909 4606; x_wconf 92' lang='lat' dir='ltr'>enim</span> <span class='ocrx_word' id='word_1_542' title='bbox 1935 4537 2033 4609; x_wconf 84' lang='lat' dir='ltr'>idern</span> 
     </span>
     <span class='ocr_line' id='line_1_43' title="bbox 17 4629 2124 4733; baseline 0.003 -25"><span class='ocrx_word' id='word_1_543' title='bbox 17 4641 114 4724; x_wconf 84' lang='lat' dir='ltr'>olat,</span> <span class='ocrx_word' id='word_1_544' title='bbox 143 4640 209 4710; x_wconf 91' lang='lat' dir='ltr'>sed</span> <span class='ocrx_word' id='word_1_545' title='bbox 226 4649 349 4706; x_wconf 69' lang='lat' dir='ltr'>mmen</span> <span class='ocrx_word' id='word_1_546' title='bbox 367 4636 479 4733; x_wconf 90' lang='lat' dir='ltr'>aliqui</span> <span class='ocrx_word' id='word_1_547' title='bbox 494 4649 707 4730; x_wconf 84' lang='lat' dir='ltr'>praetexunt</span> <span class='ocrx_word' id='word_1_548' title='bbox 722 4637 893 4732; x_wconf 90' lang='lat' dir='ltr'>quiddam</span> <span class='ocrx_word' id='word_1_549' title='bbox 909 4649 984 4708; x_wconf 91' lang='lat' dir='ltr'>tur·</span> <span class='ocrx_word' id='word_1_550' title='bbox 1035 4629 1138 4725; x_wconf 71' lang='lat' dir='ltr'>loqui</span> <span class='ocrx_word' id='word_1_551' title='bbox 1154 4646 1336 4705; x_wconf 79' lang='lat' dir='ltr'>oratorem</span> <span class='ocrx_word' id='word_1_552' title='bbox 1354 4649 1389 4706; x_wconf 81' lang='lat' dir='ltr'>el</span> <span class='ocrx_word' id='word_1_553' title='bbox 1402 4637 1514 4728; x_wconf 88' lang='lat' dir='ltr'>leges;</span> <span class='ocrx_word' id='word_1_554' title='bbox 1543 4639 1688 4732; x_wconf 87' lang='lat' dir='ltr'>quando</span> <span class='ocrx_word' id='word_1_555' title='bbox 1707 4651 1826 4708; x_wconf 87' lang='lat' dir='ltr'>autem</span> <span class='ocrx_word' id='word_1_556' title='bbox 1843 4640 1950 4709; x_wconf 92' lang='lat' dir='ltr'>aliam</span> <span class='ocrx_word' id='word_1_557' title='bbox 1968 4667 2033 4714; x_wconf 93' lang='lat' dir='ltr'>vo·</span> <span class='ocrx_word' id='word_1_558' title='bbox 2119 4720 2124 4728; x_wconf 61' lang='grc'>,</span> 
     </span>
     <span class='ocr_line' id='line_1_44' title="bbox 14 4734 2033 4836; baseline 0.007 -36"><span class='ocrx_word' id='word_1_559' title='bbox 14 4739 173 4823; x_wconf 69' lang='grc' dir='ltr'><strong>ξωάἱῃρ;</strong></span> <span class='ocrx_word' id='word_1_560' title='bbox 204 4741 411 4812; x_wconf 77' lang='lat' dir='ltr'>adscribunt</span> <span class='ocrx_word' id='word_1_561' title='bbox 427 4741 523 4810; x_wconf 84' lang='lat' dir='ltr'>enim</span> <span class='ocrx_word' id='word_1_562' title='bbox 547 4741 710 4825; x_wconf 73' lang='lat' dir='ltr'>decreto,</span> <span class='ocrx_word' id='word_1_563' title='bbox 744 4740 793 4810; x_wconf 75' lang='lat' dir='ltr'>ita</span> <span class='ocrx_word' id='word_1_564' title='bbox 817 4765 853 4812; x_wconf 76' lang='lat' dir='ltr'>se</span> <span class='ocrx_word' id='word_1_565' title='bbox 881 4764 983 4812; x_wconf 75' lang='lat' dir='ltr'>coro·</span> <span class='ocrx_word' id='word_1_566' title='bbox 1036 4755 1112 4802; x_wconf 81' lang='lat' dir='ltr'>cem</span> <span class='ocrx_word' id='word_1_567' title='bbox 1129 4734 1292 4823; x_wconf 79' lang='lat' dir='ltr'>lexetlll,</span> <span class='ocrx_word' id='word_1_568' title='bbox 1320 4739 1427 4808; x_wconf 81' lang='lat' dir='ltr'>allam</span> <span class='ocrx_word' id='word_1_569' title='bbox 1445 4751 1588 4824; x_wconf 75' lang='lat' dir='ltr'>orator,</span> <span class='ocrx_word' id='word_1_570' title='bbox 1614 4742 1810 4812; x_wconf 82' lang='lat' dir='ltr'>secundum</span> <span class='ocrx_word' id='word_1_571' title='bbox 1831 4743 1926 4835; x_wconf 77' lang='lat' dir='ltr'>leges</span> <span class='ocrx_word' id='word_1_572' title='bbox 1947 4769 2033 4836; x_wconf 81' lang='lat' dir='ltr'>pro-</span> 
     </span>
     <span class='ocr_line' id='line_1_45' title="bbox 15 4836 2037 4942; baseline 0.007 -30"><span class='ocrx_word' id='word_1_573' title='bbox 15 4869 64 4914; x_wconf 71' lang='grc' dir='ltr'>ιω</span> <span class='ocrx_word' id='word_1_574' title='bbox 84 4849 304 4928; x_wconf 80' lang='lat' dir='ltr'>decernere,</span> <span class='ocrx_word' id='word_1_575' title='bbox 327 4869 407 4914; x_wconf 83' lang='lat' dir='ltr'>eum</span> <span class='ocrx_word' id='word_1_576' title='bbox 430 4843 491 4942; x_wconf 66' lang='lat' dir='ltr'>ille</span> <span class='ocrx_word' id='word_1_577' title='bbox 511 4844 675 4914; x_wconf 81' lang='lat' dir='ltr'>retulerit</span> <span class='ocrx_word' id='word_1_578' title='bbox 698 4843 869 4916; x_wconf 80' lang='lat' dir='ltr'>rationes.</span> <span class='ocrx_word' id='word_1_579' title='bbox 928 4841 982 4914; x_wconf 80' lang='lat' dir='ltr'>lta</span> <span class='ocrx_word' id='word_1_580' title='bbox 1034 4836 1277 4911; x_wconf 81' lang='lat' dir='ltr'>nuntiandum</span> <span class='ocrx_word' id='word_1_581' title='bbox 1301 4854 1371 4927; x_wconf 82' lang='lat' dir='ltr'>est,</span> <span class='ocrx_word' id='word_1_582' title='bbox 1412 4866 1488 4912; x_wconf 83' lang='lat' dir='ltr'>non</span> <span class='ocrx_word' id='word_1_583' title='bbox 1514 4845 1709 4914; x_wconf 78' lang='lat' dir='ltr'>secundum</span> <span class='ocrx_word' id='word_1_584' title='bbox 1738 4846 1892 4918; x_wconf 78' lang='lat' dir='ltr'>oratoris</span> <span class='ocrx_word' id='word_1_585' title='bbox 1914 4847 2037 4940; x_wconf 74' lang='lat' dir='ltr'>impu:</span> 
     </span>
     <span class='ocr_line' id='line_1_46' title="bbox 15 4939 1596 5041; baseline -0.001 -25"><span class='ocrx_word' id='word_1_586' title='bbox 15 4949 108 5020; x_wconf 87' lang='lat' dir='ltr'>vitas</span> <span class='ocrx_word' id='word_1_587' title='bbox 141 4942 383 5017; x_wconf 90' lang='lat' dir='ltr'>nihilomiuus</span> <span class='ocrx_word' id='word_1_588' title='bbox 410 4970 519 5041; x_wconf 84' lang='lat' dir='ltr'>quam</span> <span class='ocrx_word' id='word_1_589' title='bbox 552 4959 634 5016; x_wconf 90' lang='lat' dir='ltr'>ante</span> <span class='ocrx_word' id='word_1_590' title='bbox 663 4947 843 5016; x_wconf 92' lang='lat' dir='ltr'>conditam</span> <span class='ocrx_word' id='word_1_591' title='bbox 867 4945 981 5040; x_wconf 89' lang='lat' dir='ltr'>legem</span> <span class='ocrx_word' id='word_1_592' title='bbox 1035 4939 1206 5014; x_wconf 73' lang='lat' dir='ltr'>dentiam.</span> <span class='ocrx_word' id='word_1_593' title='bbox 1592 5027 1596 5034; x_wconf 21' lang='lat'>⁸</span> 
     </span>
    </p>

    <p class='ocr_par' dir='ltr' id='par_1_9' title="bbox 15 5046 2036 5453">
     <span class='ocr_line' id='line_1_47' title="bbox 15 5046 2033 5145; baseline 0.001 -27"><span class='ocrx_word' id='word_1_594' title='bbox 15 5054 238 5132; x_wconf 68' lang='lat' dir='ltr'>elraudatum</span> <span class='ocrx_word' id='word_1_595' title='bbox 277 5049 450 5120; x_wconf 91' lang='lat' dir='ltr'>iudicium</span> <span class='ocrx_word' id='word_1_596' title='bbox 479 5050 574 5119; x_wconf 89' lang='lat' dir='ltr'>enim</span> <span class='ocrx_word' id='word_1_597' title='bbox 604 5049 984 5144; x_wconf 87' lang='lat' dir='ltr'>praeconiis&#39;publicis</span> <span class='ocrx_word' id='word_1_598' title='bbox 1138 5046 1208 5117; x_wconf 91' lang='lat' dir='ltr'>Sed</span> <span class='ocrx_word' id='word_1_599' title='bbox 1241 5047 1458 5118; x_wconf 82' lang='lat' dir='ltr'>confutanda</span> <span class='ocrx_word' id='word_1_600' title='bbox 1493 5060 1546 5120; x_wconf 89' lang='lat' dir='ltr'>cst</span> <span class='ocrx_word' id='word_1_601' title='bbox 1578 5060 1613 5118; x_wconf 91' lang='lat' dir='ltr'>et</span> <span class='ocrx_word' id='word_1_602' title='bbox 1645 5049 1714 5120; x_wconf 89' lang='lat' dir='ltr'>alia</span> <span class='ocrx_word' id='word_1_603' title='bbox 1748 5053 1925 5145; x_wconf 90' lang='lat' dir='ltr'>quaedam</span> <span class='ocrx_word' id='word_1_604' title='bbox 1960 5047 2033 5119; x_wconf 90' lang='lat' dir='ltr'>De-</span> 
     </span>
     <span class='ocr_line' id='line_1_48' title="bbox 15 5144 2031 5248; baseline -0.001 -24"><span class='ocrx_word' id='word_1_605' title='bbox 15 5154 236 5226; x_wconf 81' lang='lat' dir='ltr'>rtevertitur.</span> <span class='ocrx_word' id='word_1_606' title='bbox 286 5145 380 5223; x_wconf 84' lang='lat' dir='ltr'>Etsi</span> <span class='ocrx_word' id='word_1_607' title='bbox 400 5153 545 5248; x_wconf 91' lang='lat' dir='ltr'>quando</span> <span class='ocrx_word' id='word_1_608' title='bbox 564 5154 828 5248; x_wconf 83' lang='lat' dir='ltr'>condemnatur</span> <span class='ocrx_word' id='word_1_609' title='bbox 849 5154 900 5238; x_wconf 83' lang='lat' dir='ltr'>is,</span> <span class='ocrx_word' id='word_1_610' title='bbox 927 5151 985 5224; x_wconf 77' lang='lat' dir='ltr'>cui</span> <span class='ocrx_word' id='word_1_611' title='bbox 1034 5144 1232 5219; x_wconf 89' lang='lat' dir='ltr'>mosthcnis</span> <span class='ocrx_word' id='word_1_612' title='bbox 1248 5149 1445 5236; x_wconf 82' lang='lat' dir='ltr'>excusatio,</span> <span class='ocrx_word' id='word_1_613' title='bbox 1470 5175 1579 5247; x_wconf 91' lang='lat' dir='ltr'>quam</span> <span class='ocrx_word' id='word_1_614' title='bbox 1594 5151 1670 5245; x_wconf 91' lang='lat' dir='ltr'>ipse</span> <span class='ocrx_word' id='word_1_615' title='bbox 1690 5151 1932 5224; x_wconf 86' lang='lat' dir='ltr'>firmissimam</span> <span class='ocrx_word' id='word_1_616' title='bbox 1956 5153 2031 5225; x_wconf 86' lang='lat' dir='ltr'>csse</span> 
     </span>
     <span class='ocr_line' id='line_1_49' title="bbox 15 5251 2036 5364; baseline -0 -37"><span class='ocrx_word' id='word_1_617' title='bbox 15 5281 115 5329; x_wconf 85' lang='lat' dir='ltr'>rona</span> <span class='ocrx_word' id='word_1_618' title='bbox 149 5256 293 5326; x_wconf 86' lang='lat' dir='ltr'>decreta</span> <span class='ocrx_word' id='word_1_619' title='bbox 328 5267 400 5342; x_wconf 89' lang='lat' dir='ltr'>est,</span> <span class='ocrx_word' id='word_1_620' title='bbox 443 5253 669 5327; x_wconf 87' lang='lat' dir='ltr'>convincitur</span> <span class='ocrx_word' id='word_1_621' title='bbox 700 5267 819 5327; x_wconf 86' lang='lat' dir='ltr'>autor&#39;</span> <span class='ocrx_word' id='word_1_622' title='bbox 838 5255 984 5343; x_wconf 88' lang='lat' dir='ltr'>decreti,</span> <span class='ocrx_word' id='word_1_623' title='bbox 1036 5259 1165 5323; x_wconf 83' lang='lat' dir='ltr'>censet.</span> <span class='ocrx_word' id='word_1_624' title='bbox 1224 5251 1329 5324; x_wconf 90' lang='lat' dir='ltr'>Dicet</span> <span class='ocrx_word' id='word_1_625' title='bbox 1348 5253 1464 5340; x_wconf 90' lang='lat' dir='ltr'>enim,</span> <span class='ocrx_word' id='word_1_626' title='bbox 1491 5279 1527 5326; x_wconf 91' lang='lat' dir='ltr'>se</span> <span class='ocrx_word' id='word_1_627' title='bbox 1540 5255 1665 5341; x_wconf 91' lang='lat' dir='ltr'>sateri,</span> <span class='ocrx_word' id='word_1_628' title='bbox 1692 5257 1789 5351; x_wconf 93' lang='lat' dir='ltr'>quod</span> <span class='ocrx_word' id='word_1_629' title='bbox 1804 5253 1911 5326; x_wconf 88' lang='lat' dir='ltr'>suerit</span> <span class='ocrx_word' id='word_1_630' title='bbox 1925 5279 2036 5364; x_wconf 65' lang='lat' dir='ltr'>prae·=</span> 
     </span>
     <span class='ocr_line' id='line_1_50' title="bbox 15 5355 981 5453; baseline -0.001 -23"><span class='ocrx_word' id='word_1_631' title='bbox 15 5365 74 5432; x_wconf 82' lang='lat' dir='ltr'>rod</span> <span class='ocrx_word' id='word_1_632' title='bbox 96 5355 229 5431; x_wconf 86' lang='lat' dir='ltr'>contra</span> <span class='ocrx_word' id='word_1_633' title='bbox 249 5359 343 5453; x_wconf 88' lang='lat' dir='ltr'>leges</span> <span class='ocrx_word' id='word_1_634' title='bbox 359 5357 559 5452; x_wconf 87' lang='lat' dir='ltr'>scripserit,</span> <span class='ocrx_word' id='word_1_635' title='bbox 591 5370 627 5429; x_wconf 88' lang='lat' dir='ltr'>et</span> <span class='ocrx_word' id='word_1_636' title='bbox 649 5372 799 5453; x_wconf 90' lang='lat' dir='ltr'>propter</span> <span class='ocrx_word' id='word_1_637' title='bbox 824 5372 981 5432; x_wconf 90' lang='lat' dir='ltr'>erratum</span> 
     </span>
    </p>
   </div>
   <div class='ocr_carea' id='block_1_7' title="bbox 15 5465 1741 5558">
    <p class='ocr_par' dir='ltr' id='par_1_10' title="bbox 15 5465 1741 5558">
     <span class='ocr_line' id='line_1_51' title="bbox 15 5465 1741 5558; baseline 0.006 -22"><span class='ocrx_word' id='word_1_638' title='bbox 15 5465 126 5537; x_wconf 75' lang='lat' dir='ltr'>rdefit.</span> <span class='ocrx_word' id='word_1_639' title='bbox 1069 5492 1102 5554; x_wconf 81' lang='lat' dir='ltr'>s)</span> <span class='ocrx_word' id='word_1_640' title='bbox 1123 5489 1217 5557; x_wconf 77' lang='lat' dir='ltr'>ipsae]</span> <span class='ocrx_word' id='word_1_641' title='bbox 1234 5493 1284 5545; x_wconf 78' lang='lat' dir='ltr'>Et.</span> <span class='ocrx_word' id='word_1_642' title='bbox 1303 5491 1380 5547; x_wconf 73' lang='lat'><strong>¹562.</strong></span> <span class='ocrx_word' id='word_1_643' title='bbox 1399 5503 1498 5545; x_wconf 83' lang='lat' dir='ltr'>erroro</span> <span class='ocrx_word' id='word_1_644' title='bbox 1513 5493 1645 5558; x_wconf 67' lang='lat' dir='ltr'>typogm</span> <span class='ocrx_word' id='word_1_645' title='bbox 1671 5491 1741 5557; x_wconf 78' lang='lat' dir='ltr'>lpse.</span> 
     </span>
    </p>
   </div>
   <div class='ocr_carea' id='block_1_8' title="bbox 0 0 2278 5781">
    <p class='ocr_par' dir='ltr' id='par_1_11' title="bbox 0 0 2278 5781">
     <span class='ocr_line' id='line_1_52' title="bbox 0 0 2278 5781; baseline 0 0"><span class='ocrx_word' id='word_1_646' title='bbox 0 0 2278 5781; x_wconf 95' lang='lat' dir='ltr'> </span> 
     </span>
    </p>
   </div>
  </div>
 </body>
</html>
