4696 5802
221 195 296 304 '¹47

247 365 389 448 tentiis,
415 377 539 432 tamen
561 371 602 430 tu
623 379 708 430 usus
731 377 822 426 esses
844 377 902 424 me
922 348 1142 423 consiliario.
1192 346 1243 417 lta

247 470 487 568 potuissemus
503 475 646 533 mutuas
663 459 803 528 tradere
823 479 961 549 operas.
997 451 1106 524 lluic
1120 474 1245 524 secun-

248 579 317 650 dae
335 567 469 642 rationi
484 566 584 636 addit
601 559 887 654 castigationem:
922 557 1005 629 Non
1028 569 1149 627 tamen
1171 555 1244 624 vel-

142 681 144 690 ’
247 658 320 751 lem
346 689 379 745 te
402 666 473 741 hoc
495 683 657 760 tempore
677 663 816 732 Romae
841 661 958 734 luisse.
1012 659 1243 754 Quamquam

247 781 344 854 enim
359 795 528 871 praesens
541 767 705 840 inimicos
721 778 821 848 tuos,
848 790 939 860 quos
954 759 1014 834 btc
1034 760 1164 846 habes,
1191 762 1245 832 ul-

246 881 331 958 cisci
345 877 539 974 potuisses,
564 886 684 942 tamen
707 871 833 940 absens
855 869 954 938 bene·
971 891 1012 938 ac
1036 889 1116 937 cum
1138 865 1244 936 laude

247 979 533 1060 administrando
563 971 787 1068 provinciam
820 971 948 1042 melius
984 993 1059 1040 rem
1096 967 1244 1062 gessisti.

244 1085 405 1162 Tertia
431 1081 525 1153 ratio
548 1090 690 1170 sumpta
722 1087 774 1146 est
803 1074 848 1144 ab
876 1074 969 1144 utili:
1011 1070 1242 1167 Quamquam

246 1193 383 1272 laetor,
409 1184 509 1281 quod
531 1183 657 1252 absens
680 1181 771 1249 bene
794 1177 941 1270 gesseris
966 1189 1001 1247 et
1022 1200 1079 1247 res
1102 1188 1137 1246 et
1159 1198 1244 1266 pro-

248 1293 421 1366 vinciam:
449 1300 572 1357 tamen
595 1283 799 1354 maluissem
816 1292 851 1351 te
867 1305 942 1353 esse
958 1281 1117 1362 Romae,
1145 1275 1244 1374 quia,

246 1419 339 1494 quae
358 1391 424 1462 tibi
448 1391 577 1471 debeo,
613 1387 728 1458 multo
751 1383 878 1454 melius
899 1383 1099 1477 praesenti,
1134 1403 1242 1475 quarn

245 1493 385 1572 absenti
398 1501 581 1589 praestare
597 1490 805 1583 potuissem.
858 1487 1031 1581 Quarta
1057 1483 1151 1555 ratio
1175 1495 1242 1554 est:

244 1599 421 1673 Volebam
452 1620 509 1666 me
539 1592 606 1662 tibi
635 1591 775 1662 fidelem
802 1589 969 1660 comitem
1001 1591 1174 1683 praebere
1204 1586 1243 1655 in

245 1699 457 1780 ulciscendis
473 1696 628 1768 inimicis
644 1695 727 1768 tuis.
786 1691 851 1764 His
873 1691 1074 1762 rationibus
1096 1689 1242 1762 subiun-

245 1809 342 1906 gitur
359 1801 514 1874 clausula
531 1797 689 1884 exordii,
714 1797 753 1867 in
770 1821 838 1891 qua
862 1795 1096 1892 conqueritur
1120 1795 1164 1864 de
1187 1817 1242 1864 sa-

244 1914 320 1984 lute
337 1901 502 1988 Lentuli,
534 1902 637 1997 quasi
662 1901 813 1972 diceret:
847 1897 927 1970 Etsi
949 1899 1093 1968 mallem
1119 1910 1154 1967 te
1177 1919 1242 1987 po-

244 2015 316 2087 tius
331 2021 516 2104 expertum
534 2029 608 2077 esse
622 2005 660 2074 in
678 2005 783 2074 rebus
798 2003 899 2086 meis,
920 2027 1029 2099 quam
1045 1999 1128 2084 tuis,
1155 2021 1242 2093 qua-

242 2117 288 2190 lis
302 2107 348 2188 sit
363 2113 449 2182 tides
464 2105 677 2192 hominum,
711 2106 794 2202 quia
817 2105 930 2199 pluris
953 2104 1045 2174 facio
1069 2127 1125 2174 res
1148 2115 1242 2184 tuas,

240 2223 355 2318 'quam
373 2238 489 2286 meas:
524 2225 645 2280 tamen
654 2199 820 2303 gaudeo,
846 2209 944 2302 quod
958 2231 1034 2277 non
1049 2227 1242 2298 cognoscas

244 2321 352 2394 fidem
368 2314 558 2388 bominum
575 2327 676 2384 tanto
691 2325 755 2383 tuo
778 2311 934 2395 damno,
960 2321 1096 2405 quanto
1116 2309 1241 2379 dolore

244 2450 310 2520 ego
331 2417 574 2512 cognoverim.
1113 2513 1122 2530 .

346 2524 435 2594 Post
456 2517 643 2591 exordium
666 2515 828 2612 sequitur
854 2515 1085 2599 narratio,
1112 2537 1240 2609 inqua

245 2640 357 2704 status
373 2648 435 2696 seu
450 2620 651 2717 propositio
669 2631 738 2690 est:
770 2617 855 2690 Non
870 2630 943 2688 tam
962 2619 1090 2687 acriter
1106 2641 1240 2708 pugno,

246 2756 354 2828 quam
373 2740 476 2797 antea
494 2723 666 2796 solebam.
718 2719 809 2791 Huic
830 2719 1072 2813 propositioni
1096 2719 1241 2789 additur

244 2834 339 2905 ratio
367 2827 462 2904 illius
490 2823 728 2898 remissionis:
771 2823 865 2917 Quia
890 2824 928 2893 in
955 2823 1135 2915 republica
1165 2845 1259 2892 non·

243 2935 347 3034 potui
363 2933 545 3014 obtinere,
574 2927 672 3024 quod
695 2927 834 3009 decuit,
860 2929 921 2997 sed
939 2951 1007 3018 pro
1032 2925 1240 2996 conditione

244 3055 450 3131 temporum
475 3033 594 3117 tenui,
627 3031 724 3125 quod
749 3029 864 3122 potui.
915 3028 1120 3099 Videndum
1143 3028 1239 3098 enirn

243 3141 389 3214 cuilibet
411 3133 538 3229 estss),
562 3133 650 3227 quid
667 3132 828 3202 obtinere
851 3131 1031 3226 possiem).
1082 3131 1242 3222 Exponit

241 3258 365 3316 autem
388 3238 492 3308 initio
509 3233 711 3331 ciceroffi),
739 3259 829 3329 quae
853 3256 916 3304 sua
938 3235 1046 3304 luerit
1067 3245 1240 3325 perpetua

242 3371 328 3439 erga
360 3339 619 3435 rempublicam
653 3337 839 3420 voluntas,
879 3349 915 3406 et
946 3335 1089 3408 subiicit
1117 3359 1239 3407 causas

243 3451 319 3523 eius
335 3441 541 3517 voluntatis.
592 3441 718 3512 Primo
733 3437 886 3538 (inquit)
900 3435 969 3510 hoc
984 3440 1169 3510 communi
1188 3439 1239 3508 os-

242 3552 325 3625 ficio
339 3547 484 3643 pietatis
499 3545 694 3624 debebam;
721 3541 849 3612 deinde
866 3555 1015 3635 propter
1039 3542 1150 3634 ipsius
1171 3543 1240 3611 rei·

242 3653 406 3754 publicae
435 3650 474 3719 in
504 3673 562 3719 me
590 3645 760 3717 beneficia
788 3656 823 3715 et
843 3645 983 3717 merita.
1050 3645 1240 3715 Praedicat

242 3772 364 3832 autem
389 3755 471 3825 ideo
493 3777 597 3825 suum
627 3750 666 3818 in
694 3749 953 3841 rempublicam
980 3747 1158 3832 studium,
1199 3761 1239 3820 ut

241 3865 319 3936 sine
335 3879 465 3950 magna
483 3879 587 3924 eausa
605 3855 650 3921 ab
667 3877 707 3920 ea
723 3876 798 3920 non
822 3851 986 3922 videatur
1009 3852 1239 3937 discessurus,

243 3967 342 4064 quod
356 3976 478 4032 tamen
498 3956 619 4028 iecisse
638 3953 846 4036 videbatur,
880 3979 961 4024 cum
977 3954 1163 4027 Caesarem
1185 3981 1238 4059 se-

242 4078 433 4168 queretur,
460 4062 517 4132 cui
537 4071 642 4130 antea
667 4057 706 4125 in
728 4055 908 4148 republica
935 4057 1052 4127 fuerat
1073 4059 1238 4129 adversa·

242 4185 312 4244 tus.
375 4164 494 4261 Atque
518 4163 647 4255 allegat
669 4172 795 4231 testem
818 4183 904 4231 suae
928 4161 1123 4232 voluntatis
1154 4185 1237 4254 erga

198 4347 201 4354 ,
241 4267 502 4366 rempublicam
518 4267 635 4358 ipsum
655 4262 847 4336 Lentulum
866 4275 900 4332 et
915 4274 1090 4334 senatum.
1125 4353 1128 4362 Ι

290 4347 296 4366 ’
344 4369 514 4470 Sequitur
535 4366 786 4458 amplificatio,
822 4365 1051 4463 quodetiam
1077 4391 1238 4462 quorun-

243 4481 326 4550 dam
343 4473 477 4546 iniuria
493 4484 529 4541 et
544 4469 679 4538 invidia
696 4469 870 4554 offensus,
897 4484 1019 4540 tamen
1033 4469 1071 4538 in
1085 4469 1237 4561 pristina

241 4578 419 4656 sententia
449 4578 493 4645 de
522 4570 705 4667 republica
731 4573 947 4665 perstiterit,
989 4597 1069 4645 cum
1102 4571 1237 4644 multae

242 4694 361 4758 essent
384 4701 531 4763 causae,
563 4699 656 4772 quae
679 4675 795 4768 ipsum
817 4689 956 4746 mutare
979 4689 1014 4746 et
1033 4674 1236 4746 abalienare

241 4783 454 4883 potuissent,
471 4779 572 4875 quasi
585 4780 734 4850 diceret:
762 4776 915 4850 Etiamsi
931 4779 1035 4849 multi
1051 4791 1156 4849 erant
1167 4779 1236 4848 ini-

242 4955 450 4978 ’.Ι-1.·-

275 5047 457 5174 tflpffirpfflbet
474 5048 531 5109 ast]
550 5045 592 5100 stc
608 5045 693 5104 ltditt.
714 5045 823 5100 lwt-
834 5044 928 5111 tm:
949 5046 1000 5100 m
1021 5045 1096 5100 tm.
1114 5053 1160 5102 est
1176 5049 1236 5104 oot-

275 5209 325 5267 ss)
343 5204 409 5272 qutd
425 5201 551 5256 obtinere
567 5201 672 5266 possit]
690 5201 732 5254 sto
747 5201 797 5254 Ed.
817 5201 912 5266 tm:
926 5199 1024 5256 ,rute
1043 5201 1234 5260 twa-tm.

310 5275 383 5340 quod
398 5272 517 5327 obtineri
535 5269 635 5338 possit.

272 5359 424 5480 suamque
442 5360 556 5421 ormo]
574 5357 616 5410 no
632 5355 719 5410 rau.
738 5355 950 5421 :sss-rum
969 5332 1029 5409 ns'
1042 5355 1118 5412 isse.
1136 5357 1235 5413 omre

372 5440 398 5484 ⁰.

833 176 958 254 Pillls.
992 173 1107 251 Mat.
1142 170 1347 248 soulers
1378 171 1717 252 momulus

2249 177 2311 254 48

1296 345 1381 416 mici
1398 371 1455 418 me
1470 347 1652 422 restituto:
1688 364 1810 422 tamen
1826 375 1893 444 ego
1909 352 2114 428 condonavi
2135 349 2207 424 illis
2229 351 2312 422 ists

1296 449 1419 520 omnia
1434 449 1655 544 reipublicae
1668 477 1786 527 causa.
1836 455 1993 528 Additur
2009 457 2079 530 alia
2097 455 2310 549 amplifica-

1297 553 1348 622 tio
1366 577 1451 624 suae
1472 556 1668 628 voluntatis
1692 581 1775 649 erga
1800 561 2078 654 rempublicam,
2105 563 2204 656 quod
2228 559 2311 628 rei-

1297 656 1460 749 publicae
1481 681 1642 750 smorem
1674 661 1884 752 praetulerit
1913 664 2092 736 amicitiae
2114 662 2310 755 Pompeii,

1297 783 1517 856 quamquam
1532 761 1565 833 ei
1579 763 1732 834 multum
1750 766 1906 838 deberet.
1957 765 2046 838 ltem
2068 767 2137 836 alia
2163 765 2308 857 ampli-

1296 861 1415 933 ficatio
1431 889 1451 934 a
1467 867 1626 958 quodam
1641 890 1706 937 suo
1722 890 1917 961 responso,
1950 873 2051 966 quod
2065 895 2112 941 ne
2130 868 2308 941 Caesaris

1296 965 1442 1060 quidem
1474 967 1668 1038 amicitiam
1698 970 1916 1064 reipublicae
1943 974 2174 1068 praetulerit,
2227 995 2305 1040 nec

1296 1065 1404 1139 etiam
1426 1080 1526 1142 metu
1546 1071 1730 1164 potentiae
1747 1073 1908 1147 Caesaris
1929 1079 2079 1148 mutarit
2099 1074 2308 1171 pristinam

1295 1195 1398 1242 suam
1417 1174 1634 1244 senteutiam
1659 1199 1744 1267 erga
1765 1179 2036 1270 rempublicam.
2096 1181 2185 1252 Post
2206 1174 2309 1248 baec

1296 1273 1416 1346 omnia
1434 1277 1590 1348 ostendit
1605 1277 1707 1350 laetis
1722 1291 1758 1350 et
1772 1281 1875 1354 dictis
1892 1282 1985 1369 suis,
2019 1309 2090 1380 qua
2105 1283 2307 1354 voluntate

1295 1378 1404 1450 luerit
1433 1403 1517 1471 erga
1546 1381 1826 1474 rempublicam,
1870 1410 2000 1480 nempe
2038 1383 2218 1458 constanti
2268 1394 2306 1451 et

1295 1482 1411 1566 fideli,
1449 1493 1484 1550 et
1508 1484 1654 1554 adducit
1678 1485 1753 1556 eius
1775 1487 1829 1557 rei
1852 1503 2124 1581 argumentum,
2157 1487 2308 1560 scilicet

1296 1586 1393 1678 quod
1414 1583 1559 1656 Caesari
1583 1589 1627 1656 de
1649 1587 1952 1684 dividenduagro
1970 1592 2157 1686 Campano
2181 1589 2307 1660 obsti·

1294 1687 1397 1772 terit,
1425 1711 1506 1759 cum
1523 1689 1559 1759 id
1574 1690 1755 1763 videretur
1770 1707 1895 1765 contra
1917 1696 2176 1798 rpmpublicam
2204 1717 2307 1777 esse,

1294 1804 1330 1860 et
1358 1791 1529 1884 explicat,
1570 1798 1756 1888 quomodo
1785 1799 1958 1870 commoti
1987 1799 2060 1871 sint
2089 1797 2225 1880 Caesar
2265 1809 2305 1865 et

1292 1893 1487 1988 Pompeius
1500 1893 1685 1969 Ciceronis
1697 1901 1885 1972 sententia.

1395 1997 1533 2082 Porro,
1578 2000 1641 2070 ubi
1674 2004 1829 2074 ostendit
1857 2005 2002 2090 Cicero,
2050 2031 2087 2078 se
2120 2003 2213 2078 nihil
2251 2012 2303 2080 ad

1294 2096 1503 2196 cuiusquam
1526 2097 1679 2194 gratiam
1700 2106 1823 2178 secisse
1846 2107 1885 2177 in
1906 2110 2110 2202 republica,
2140 2113 2303 2204 exponit

1293 2202 1423 2288 etiarn,
1465 2229 1557 2300 quae
1576 2207 1711 2278 fuerint
1734 2223 1891 2281 mutatae
1911 2213 2107 2284 sententiae
2133 2217 2304 2286 occasio-

1293 2329 1375 2390 nes,
1399 2311 1584 2403 quomodo
1606 2312 1651 2380 ab
1675 2311 1734 2385 illa
1759 2313 1910 2406 pristina
1933 2340 1997 2386 sua
2022 2318 2207 2388 voluntate
2230 2323 2302 2390 de-

1292 2408 1431 2482 flexerit
1448 2407 1635 2496 nonnihil,
1661 2427 1696 2484 et
1713 2414 1858 2488 Caesari
1865 2418 2113 2514 Pompeioque
2128 2425 2304 2515 coeperit

1294 2513 1430 2614 aliquid
1464 2517 1669 2588 concedere.
1727 2509 1863 2589 'Prima
1884 2521 1979 2592 ratio
2000 2537 2141 2616 sumpta
2162 2539 2218 2595 est
2248 2529 2301 2596 ab

1293 2616 1411 2685 officio
1426 2641 1507 2688 suo:
1535 2617 1619 2689 Non
1634 2619 1701 2690 luit
1725 2625 1931 2714 negandum
1952 2621 2022 2696 hoc
2042 2627 2197 2697 officium
2224 2623 2303 2699 ho-

1292 2717 1450 2790 minibus
1463 2722 1508 2790 de
1522 2745 1580 2790 me
1594 2722 1684 2793 bene
1700 2725 1848 2798 meritis.
1902 2727 2063 2800 Secunda
2080 2731 2173 2800 ratio
2191 2744 2250 2800 est
2276 2759 2301 2802 a

1291 2821 1441 2913 perfidia
1464 2824 1628 2908 illorum,
1669 2829 1732 2922 qui
1755 2853 1975 2926 quamquam
2001 2833 2095 2902 idern
2120 2833 2157 2902 in
2185 2859 2304 2927 repu-

1292 2925 1383 2993 blica
1409 2928 1669 3022 sequebantur,
1703 2935 1801 3024 quod
1827 2932 1975 3019 Cicero,
2013 2947 2133 3006 tamen
2156 2939 2303 3028 gaude-

1291 3027 1381 3098 bant
1401 3053 1483 3099 eum
1505 3031 1649 3122 gravari
1667 3031 1751 3103 odio
1770 3036 2028 3128 potentiorum.
2081 3037 2146 3110 Est
2165 3053 2303 3112 autem

1291 3125 1379 3200 haec
1395 3133 1566 3224 epistolae
1582 3159 1665 3225 pars
1680 3135 1940 3227 sapientissime
1956 3141 2132 3234 cogitata,
2158 3142 2197 3212 in
2215 3170 2301 3240 qua

1292 3247 1417 3303 monet
1445 3258 1707 3330 nonnunquam
1736 3240 1845 3309 etiam
1860 3239 1908 3334 ⁸¹)
1932 3244 2083 3314 devera
2108 3251 2301 3319 sententia

1291 3339 1558 3408 concedendum
1575 3362 1669 3421 esse,
1696 3354 1731 3411 et
1751 3343 2017 3417 connivendum
2034 3349 2084 3417 ad
2107 3351 2300 3444 quaedam

1292 3453 1410 3508 errata
1426 3463 1573 3526 eorum,
1600 3443 1662 3537 qui
1677 3459 1859 3535 praesunt.
1893 3448 2017 3519 Prima
2032 3451 2125 3520 ratio
2142 3469 2300 3548 sumpta

1292 3555 1344 3612 est
1360 3566 1379 3612 a
1396 3566 1550 3635 persona
1568 3543 1734 3629 illorum,
1760 3549 1823 3644 qui
1845 3567 2039 3640 praeerant
2057 3555 2303 3648 reipublicae.

1289 3642 1356 3716 Est
1370 3659 1489 3716 autem
1507 3644 1593 3716 haec
1609 3649 1683 3720 lere
1699 3675 1856 3722 summa:
1883 3652 1996 3726 Bonis
2013 3656 2099 3728 viris
2120 3658 2158 3726 in
2182 3684 2305 3755 repu-

1289 3748 1381 3819 blica
1412 3747 1577 3821 nonnihil
1609 3765 1661 3822 est
1692 3757 1977 3842 concedendum,
2023 3760 2219 3852 Pompeius
2261 3778 2303 3836 et

1291 3851 1422 3923 Caesar
1448 3868 1532 3926 sunt
1559 3853 1646 3925 boni
1679 3856 1764 3926 viri:
1808 3882 1894 3951 ergo
1923 3860 2052 3934 merito
2074 3863 2125 3934 eis
2146 3865 2302 3960 aliquid

1291 3955 1459 4029 concessi.
1518 3957 1695 4028 Maiorem
1718 3961 1825 4053 ponit
1847 3965 2030 4054 negative:
2063 3966 2101 4036 si
2125 3967 2300 4060 improbi

1290 4060 1385 4152 cives
1401 4061 1438 4129 in
1451 4061 1634 4154 republica
1649 4064 1945 4151 dominarentur,
1971 4064 2063 4138 nibil
2085 4069 2135 4166 eis
2158 4095 2301 4144 conce-

1288 4164 1432 4244 derem:
1467 4165 1529 4236 sed
1544 4164 1739 4257 Pompeius
1755 4169 1936 4240 estbonus
1952 4169 2027 4255 vir,
2061 4184 2096 4242 et
2118 4172 2174 4244 cui
2192 4179 2303 4248 urul-

1290 4278 1366 4338 tum
1383 4265 1517 4351 debeo,
1539 4267 1631 4338 sicut
1655 4269 1762 4338 etiarn
1779 4271 1940 4344 Caesari:
1969 4298 2055 4367 ergo
2079 4277 2209 4348 merito
2237 4281 2300 4355 eis

1290 4368 1427 4464 aliquid
1455 4373 1624 4444 concedo.
1691 4372 1851 4467 Exponit
1878 4389 1997 4446 autem
2031 4379 2206 4449 maiorem
2227 4405 2300 4454 ra·

1290 4473 1387 4542 tione
1402 4471 1582 4546 Platonis:
1609 4477 1714 4548 bonis
1731 4477 1818 4549 viris
1838 4477 1877 4546 in
1900 4479 2082 4572 republica
2105 4507 2179 4552 non
2208 4509 2297 4558 csse

1289 4577 1544 4661 resistendum,
1586 4581 1685 4674 quod
1717 4580 1804 4652 tales
1834 4580 2048 4678 plerumque
2075 4585 2146 4656 sint
2178 4587 2298 4675 cives,

1289 4679 1413 4774 quales
1431 4697 1516 4754 sunt
1531 4682 1722 4778 principes.
2133 4699 2166 4782 1

1392 4785 1495 4856 Hanc
1523 4787 1737 4858 sententiam
1763 4785 1910 4877 exponit
1935 4787 2054 4878 primo
2076 4813 2143 4860 suo
2165 4813 2300 4864 exem-

1288 4892 1371 4984 plo,
1411 4891 1540 4961 deinde
1563 4889 1738 4973 aliorum,
1778 4887 1841 4981 qui
1863 4913 1948 4958 cnm
1969 4889 2058 4961 boni
2081 4905 2199 4963 essent
2222 4921 2298 4986 gu.

1287 4995 1496 5065 bernatores
1523 4992 1761 5086 reipublicae,
1804 5014 1883 5060 eam
1916 4993 2069 5065 multum
2103 4995 2299 5077 iuverunt.

1287 5096 1426 5167 Deinde
1442 5097 1551 5166 etiam
1567 5094 1751 5166 contrario
1765 5095 1927 5188 exemplo
1944 5099 2077 5190 probat
2090 5099 2237 5173 Pisonis
2255 5121 2298 5178 et

1287 5199 1433 5272 Gabinii
1450 5199 1657 5283 consulum,
1683 5196 1843 5292 quicum
1859 5199 2018 5291 improbi
2040 5199 2134 5273 cives
2155 5221 2298 5304 essem,

1285 5351 1492 5366 m

1318 5428 1370 5490 su
1387 5425 1489 5490 suu]
1506 5425 1548 5480 ιιο
1564 5425 1615 5478 sc
1635 5396 1731 5491 isses
1754 5424 1784 5478 u
1800 5422 1884 5484 suu
1903 5423 2100 5487 asos-ura.
2119 5427 2210 5482 aaa.
