<?xml version="1.0" encoding="UTF-8"?>
<!DOCTYPE html PUBLIC "-//W3C//DTD XHTML 1.0 Transitional//EN"
    "http://www.w3.org/TR/xhtml1/DTD/xhtml1-transitional.dtd">
<html xmlns="http://www.w3.org/1999/xhtml" xml:lang="en" lang="en">
 <head>
  <title>
</title>
<meta http-equiv="Content-Type" content="text/html;charset=utf-8" />
  <meta name='ocr-system' content='tesseract 3.04.00' />
  <meta name='ocr-capabilities' content='ocr_page ocr_carea ocr_par ocr_line ocrx_word'/>
</head>
<body>
  <div class='ocr_page' id='page_1' title='image "./corpusreformato16melagoog_0184.png"; bbox 0 0 4584 5796; ppageno 0'>
   <div class='ocr_carea' id='block_1_1' title="bbox 35 181 2034 286">
    <p class='ocr_par' dir='ltr' id='par_1_1' title="bbox 35 181 2034 286">
     <span class='ocr_line' id='line_1_1' title="bbox 35 181 2034 286; baseline 0.004 -11"><span class='ocrx_word' id='word_1_1' title='bbox 35 209 97 286; x_wconf 81' lang='lat' dir='ltr'><strong>sss</strong></span> <span class='ocrx_word' id='word_1_2' title='bbox 171 195 284 276; x_wconf 82' lang='lat' dir='ltr'><strong>xxut</strong></span> <span class='ocrx_word' id='word_1_3' title='bbox 327 191 728 270; x_wconf 75' lang='lat' dir='ltr'><strong>monstramur</strong></span> <span class='ocrx_word' id='word_1_4' title='bbox 751 181 956 266; x_wconf 78' lang='lat' dir='ltr'><strong>scuocra</strong></span> <span class='ocrx_word' id='word_1_5' title='bbox 976 181 1027 262; x_wconf 82' lang='lat' dir='ltr'><strong>tn</strong></span> <span class='ocrx_word' id='word_1_6' title='bbox 1047 187 1622 274; x_wconf 69' lang='lat' dir='ltr'><strong>normannensis</strong></span> <span class='ocrx_word' id='word_1_7' title='bbox 1645 199 1719 276; x_wconf 82' lang='lat' dir='ltr'><strong>nr.</strong></span> <span class='ocrx_word' id='word_1_8' title='bbox 1736 201 1875 279; x_wconf 75' lang='lat' dir='ltr'><strong>sco.</strong></span> <span class='ocrx_word' id='word_1_9' title='bbox 1958 205 2034 282; x_wconf 80' lang='lat' dir='ltr'><strong>aas</strong></span> 
     </span>
    </p>
   </div>
   <div class='ocr_carea' id='block_1_2' title="bbox 27 363 989 1179">
    <p class='ocr_par' dir='ltr' id='par_1_2' title="bbox 27 363 989 1179">
     <span class='ocr_line' id='line_1_2' title="bbox 31 363 988 476; baseline -0.02 -24"><span class='ocrx_word' id='word_1_10' title='bbox 31 376 250 476; x_wconf 75' lang='lat' dir='ltr'><strong>probationem</strong></span> <span class='ocrx_word' id='word_1_11' title='bbox 275 365 416 442; x_wconf 76' lang='lat' dir='ltr'><strong>consilii</strong></span> <span class='ocrx_word' id='word_1_12' title='bbox 439 365 622 440; x_wconf 87' lang='lat' dir='ltr'><strong>Ciceronis</strong></span> <span class='ocrx_word' id='word_1_13' title='bbox 649 365 694 436; x_wconf 86' lang='lat' dir='ltr'><strong>de</strong></span> <span class='ocrx_word' id='word_1_14' title='bbox 721 364 837 458; x_wconf 88' lang='lat' dir='ltr'><strong>patria</strong></span> <span class='ocrx_word' id='word_1_15' title='bbox 867 363 988 435; x_wconf 83' lang='lat' dir='ltr'><strong>desen·</strong></span> 
     </span>
     <span class='ocr_line' id='line_1_3' title="bbox 30 467 989 559; baseline -0.022 -3"><span class='ocrx_word' id='word_1_16' title='bbox 30 483 139 556; x_wconf 89' lang='lat' dir='ltr'><strong>denda.</strong></span> <span class='ocrx_word' id='word_1_17' title='bbox 182 472 310 545; x_wconf 82' lang='lat' dir='ltr'><strong>Addita</strong></span> <span class='ocrx_word' id='word_1_18' title='bbox 325 485 378 544; x_wconf 84' lang='lat' dir='ltr'><strong>eet</strong></span> <span class='ocrx_word' id='word_1_19' title='bbox 395 470 619 542; x_wconf 83' lang='lat' dir='ltr'><strong>confirmatio</strong></span> <span class='ocrx_word' id='word_1_20' title='bbox 636 467 775 539; x_wconf 88' lang='lat' dir='ltr'><strong>consilii</strong></span> <span class='ocrx_word' id='word_1_21' title='bbox 792 491 834 538; x_wconf 84' lang='lat' dir='ltr'><strong>ex</strong></span> <span class='ocrx_word' id='word_1_22' title='bbox 848 478 989 559; x_wconf 89' lang='lat' dir='ltr'><strong>praete·</strong></span> 
     </span>
     <span class='ocr_line' id='line_1_4' title="bbox 29 569 988 670; baseline -0.02 -13"><span class='ocrx_word' id='word_1_23' title='bbox 29 585 92 658; x_wconf 87' lang='lat' dir='ltr'><strong>ritis</strong></span> <span class='ocrx_word' id='word_1_24' title='bbox 105 580 200 652; x_wconf 88' lang='lat' dir='ltr'><strong>rebus</strong></span> <span class='ocrx_word' id='word_1_25' title='bbox 215 576 329 670; x_wconf 88' lang='lat' dir='ltr'><strong>gestis.</strong></span> <span class='ocrx_word' id='word_1_26' title='bbox 384 572 558 668; x_wconf 85' lang='lat' dir='ltr'><strong>Epilogus</strong></span> <span class='ocrx_word' id='word_1_27' title='bbox 579 570 739 642; x_wconf 91' lang='lat' dir='ltr'><strong>continet</strong></span> <span class='ocrx_word' id='word_1_28' title='bbox 760 569 988 662; x_wconf 91' lang='lat' dir='ltr'><strong>pollicitatio·</strong></span> 
     </span>
     <span class='ocr_line' id='line_1_5' title="bbox 29 671 987 774; baseline -0.018 -17"><span class='ocrx_word' id='word_1_29' title='bbox 29 712 112 770; x_wconf 88' lang='lat' dir='ltr'><strong>nem,</strong></span> <span class='ocrx_word' id='word_1_30' title='bbox 134 705 169 752; x_wconf 87' lang='lat' dir='ltr'><strong>se</strong></span> <span class='ocrx_word' id='word_1_31' title='bbox 187 691 332 774; x_wconf 90' lang='lat' dir='ltr'><strong>propter</strong></span> <span class='ocrx_word' id='word_1_32' title='bbox 358 677 590 747; x_wconf 72' lang='lat' dir='ltr'><strong>autoritatem</strong></span> <span class='ocrx_word' id='word_1_33' title='bbox 603 673 789 744; x_wconf 78' lang='lat' dir='ltr'><strong>Ciceronis</strong></span> <span class='ocrx_word' id='word_1_34' title='bbox 809 674 849 740; x_wconf 90' lang='lat' dir='ltr'><strong>in</strong></span> <span class='ocrx_word' id='word_1_35' title='bbox 872 671 987 741; x_wconf 90' lang='lat' dir='ltr'><strong>omui·</strong></span> 
     </span>
     <span class='ocr_line' id='line_1_6' title="bbox 29 773 988 871; baseline -0.019 -11"><span class='ocrx_word' id='word_1_36' title='bbox 29 792 79 860; x_wconf 90' lang='lat' dir='ltr'><strong>bus</strong></span> <span class='ocrx_word' id='word_1_37' title='bbox 93 785 275 856; x_wconf 81' lang='lat' dir='ltr'><strong>affuturum</strong></span> <span class='ocrx_word' id='word_1_38' title='bbox 293 777 521 871; x_wconf 88' lang='lat' dir='ltr'><strong>reipublicae.</strong></span> <span class='ocrx_word' id='word_1_39' title='bbox 540 825 544 834; x_wconf 78' lang='lat'><em>·</em></span> <span class='ocrx_word' id='word_1_40' title='bbox 578 775 620 846; x_wconf 90' lang='lat' dir='ltr'><strong>lu</strong></span> <span class='ocrx_word' id='word_1_41' title='bbox 640 777 711 846; x_wconf 83' lang='lat' dir='ltr'><strong>fine</strong></span> <span class='ocrx_word' id='word_1_42' title='bbox 734 787 787 846; x_wconf 89' lang='lat' dir='ltr'><strong>est</strong></span> <span class='ocrx_word' id='word_1_43' title='bbox 811 773 988 866; x_wconf 83' lang='lat' dir='ltr'><strong>significa·</strong></span> 
     </span>
     <span class='ocr_line' id='line_1_7' title="bbox 27 877 988 978; baseline -0.018 -17"><span class='ocrx_word' id='word_1_44' title='bbox 27 893 66 961; x_wconf 92' lang='lat' dir='ltr'><strong>tio</strong></span> <span class='ocrx_word' id='word_1_45' title='bbox 78 909 216 978; x_wconf 83' lang='lat' dir='ltr'><strong>magnae</strong></span> <span class='ocrx_word' id='word_1_46' title='bbox 231 881 477 956; x_wconf 79' lang='lat' dir='ltr'><strong>sollicitudinis</strong></span> <span class='ocrx_word' id='word_1_47' title='bbox 492 883 538 951; x_wconf 92' lang='lat' dir='ltr'><strong>de</strong></span> <span class='ocrx_word' id='word_1_48' title='bbox 553 880 659 950; x_wconf 85' lang='lat' dir='ltr'><strong>rebus</strong></span> <span class='ocrx_word' id='word_1_49' title='bbox 683 878 849 962; x_wconf 88' lang='lat' dir='ltr'><strong>urbanis,</strong></span> <span class='ocrx_word' id='word_1_50' title='bbox 880 877 988 946; x_wconf 87' lang='lat' dir='ltr'><strong>adeo·</strong></span> 
     </span>
     <span class='ocr_line' id='line_1_8' title="bbox 27 979 986 1087; baseline -0.014 -26"><span class='ocrx_word' id='word_1_51' title='bbox 27 992 139 1087; x_wconf 85' lang='lat' dir='ltr'><strong>quode</strong></span> <span class='ocrx_word' id='word_1_52' title='bbox 159 989 233 1080; x_wconf 87' lang='lat' dir='ltr'><strong>ipsa</strong></span> <span class='ocrx_word' id='word_1_53' title='bbox 254 983 441 1080; x_wconf 84' lang='lat' dir='ltr'><strong>provincia</strong></span> <span class='ocrx_word' id='word_1_54' title='bbox 461 994 612 1076; x_wconf 89' lang='lat' dir='ltr'><strong>propter</strong></span> <span class='ocrx_word' id='word_1_55' title='bbox 632 979 850 1064; x_wconf 74' lang='lat' dir='ltr'><strong>discordias,</strong></span> <span class='ocrx_word' id='word_1_56' title='bbox 895 1001 986 1074; x_wconf 86' lang='lat' dir='ltr'><strong>quae</strong></span> 
     </span>
     <span class='ocr_line' id='line_1_9' title="bbox 27 1080 962 1179; baseline -0.009 -19"><span class='ocrx_word' id='word_1_57' title='bbox 27 1096 166 1163; x_wconf 86' lang='lat' dir='ltr'><strong>ridentur</strong></span> <span class='ocrx_word' id='word_1_58' title='bbox 181 1090 355 1161; x_wconf 86' lang='lat' dir='ltr'><strong>allaturae</strong></span> <span class='ocrx_word' id='word_1_59' title='bbox 370 1109 539 1179; x_wconf 89' lang='lat' dir='ltr'><strong>magnam</strong></span> <span class='ocrx_word' id='word_1_60' title='bbox 555 1084 792 1156; x_wconf 76' lang='lat' dir='ltr'><strong>mutationem</strong></span> <span class='ocrx_word' id='word_1_61' title='bbox 806 1080 962 1175; x_wconf 89' lang='lat' dir='ltr'><strong>imperii.</strong></span> 
     </span>
    </p>
   </div>
   <div class='ocr_carea' id='block_1_3' title="bbox 62 1281 936 1460">
    <p class='ocr_par' dir='ltr' id='par_1_3' title="bbox 62 1281 936 1460">
     <span class='ocr_line' id='line_1_10' title="bbox 62 1281 936 1459; baseline -0.015 -95"><span class='ocrx_word' id='word_1_62' title='bbox 62 1293 375 1385; x_wconf 76' lang='lat' dir='ltr'><strong>Argumentum</strong></span> <span class='ocrx_word' id='word_1_63' title='bbox 400 1297 445 1459; x_wconf 69' lang='lat' dir='ltr'><strong>elt</strong></span> <span class='ocrx_word' id='word_1_64' title='bbox 474 1281 654 1456; x_wconf 51' lang='lat' dir='ltr'><strong>“lidia</strong></span> <span class='ocrx_word' id='word_1_65' title='bbox 686 1283 734 1354; x_wconf 88' lang='lat' dir='ltr'><strong>in</strong></span> <span class='ocrx_word' id='word_1_66' title='bbox 764 1281 936 1376; x_wconf 89' lang='lat' dir='ltr'><strong>episto·</strong></span> 
     </span>
     <span class='ocr_line' id='line_1_11' title="bbox 435 1412 571 1460; baseline 0.015 -2"><span class='ocrx_word' id='word_1_67' title='bbox 435 1412 501 1458; x_wconf 92' lang='lat' dir='ltr'><strong>am</strong></span> <span class='ocrx_word' id='word_1_68' title='bbox 560 1437 571 1460; x_wconf 94' lang='lat'><strong>.</strong></span> 
     </span>
    </p>
   </div>
   <div class='ocr_carea' id='block_1_4' title="bbox 29 1535 986 2860">
    <p class='ocr_par' dir='ltr' id='par_1_4' title="bbox 29 1535 986 1844">
     <span class='ocr_line' id='line_1_12' title="bbox 102 1535 986 1637; baseline -0.016 -21"><span class='ocrx_word' id='word_1_69' title='bbox 102 1547 194 1616; x_wconf 86' lang='lat' dir='ltr'><strong>llaec</strong></span> <span class='ocrx_word' id='word_1_70' title='bbox 219 1543 370 1637; x_wconf 86' lang='lat' dir='ltr'><strong>epistola</strong></span> <span class='ocrx_word' id='word_1_71' title='bbox 402 1555 456 1615; x_wconf 88' lang='lat' dir='ltr'><strong>est</strong></span> <span class='ocrx_word' id='word_1_72' title='bbox 481 1538 635 1612; x_wconf 87' lang='lat' dir='ltr'><strong>suasorii</strong></span> <span class='ocrx_word' id='word_1_73' title='bbox 664 1535 823 1632; x_wconf 85' lang='lat' dir='ltr'><strong>generis,</strong></span> <span class='ocrx_word' id='word_1_74' title='bbox 864 1545 986 1630; x_wconf 88' lang='lat' dir='ltr'><strong>estque</strong></span> 
     </span>
     <span class='ocr_line' id='line_1_13' title="bbox 29 1640 984 1743; baseline -0.017 -23"><span class='ocrx_word' id='word_1_75' title='bbox 29 1646 251 1743; x_wconf 85' lang='lat' dir='ltr'><strong>responsoria,</strong></span> <span class='ocrx_word' id='word_1_76' title='bbox 303 1668 396 1742; x_wconf 89' lang='lat' dir='ltr'><strong>quae</strong></span> <span class='ocrx_word' id='word_1_77' title='bbox 429 1643 586 1738; x_wconf 86' lang='lat' dir='ltr'><strong>pertinet</strong></span> <span class='ocrx_word' id='word_1_78' title='bbox 625 1644 672 1713; x_wconf 93' lang='lat' dir='ltr'><strong>ad</strong></span> <span class='ocrx_word' id='word_1_79' title='bbox 712 1640 984 1733; x_wconf 83' lang='lat' dir='ltr'><strong>praecedentem</strong></span> 
     </span>
     <span class='ocr_line' id='line_1_14' title="bbox 29 1745 399 1844; baseline -0.011 -22"><span class='ocrx_word' id='word_1_80' title='bbox 29 1753 124 1822; x_wconf 85' lang='lat' dir='ltr'><strong>Planci</strong></span> <span class='ocrx_word' id='word_1_81' title='bbox 145 1747 331 1842; x_wconf 88' lang='lat' dir='ltr'><strong>epistolam</strong></span> <span class='ocrx_word' id='word_1_82' title='bbox 339 1745 399 1844; x_wconf 75' lang='lat'><strong>¹⁹).</strong></span> 
     </span>
    </p>

    <p class='ocr_par' dir='ltr' id='par_1_5' title="bbox 30 1840 983 2250">
     <span class='ocr_line' id='line_1_15' title="bbox 103 1840 982 1946; baseline -0.019 -23"><span class='ocrx_word' id='word_1_83' title='bbox 103 1849 131 1944; x_wconf 63' lang='grc' dir='ltr'><strong>ξ.</strong></span> <span class='ocrx_word' id='word_1_84' title='bbox 146 1853 178 1922; x_wconf 91' lang='grc'><strong>1.</strong></span> <span class='ocrx_word' id='word_1_85' title='bbox 202 1853 317 1922; x_wconf 84' lang='lat' dir='ltr'><strong>Binuc</strong></span> <span class='ocrx_word' id='word_1_86' title='bbox 331 1875 352 1920; x_wconf 85' lang='lat' dir='ltr'><strong>a</strong></span> <span class='ocrx_word' id='word_1_87' title='bbox 366 1860 400 1921; x_wconf 86' lang='lat' dir='ltr'><strong>te</strong></span> <span class='ocrx_word' id='word_1_88' title='bbox 416 1843 548 1946; x_wconf 82' lang='lat' dir='ltr'><strong>accepi]</strong></span> <span class='ocrx_word' id='word_1_89' title='bbox 580 1841 779 1914; x_wconf 81' lang='lat' dir='ltr'><strong>Exordium</strong></span> <span class='ocrx_word' id='word_1_90' title='bbox 805 1865 824 1912; x_wconf 89' lang='lat' dir='ltr'><strong>a</strong></span> <span class='ocrx_word' id='word_1_91' title='bbox 847 1840 982 1910; x_wconf 88' lang='lat' dir='ltr'><strong>littero-</strong></span> 
     </span>
     <span class='ocr_line' id='line_1_16' title="bbox 30 1941 983 2048; baseline -0.019 -22"><span class='ocrx_word' id='word_1_92' title='bbox 30 1981 86 2026; x_wconf 86' lang='lat' dir='ltr'><strong>rum</strong></span> <span class='ocrx_word' id='word_1_93' title='bbox 99 1951 378 2048; x_wconf 89' lang='lat' dir='ltr'><strong>praedicatione,</strong></span> <span class='ocrx_word' id='word_1_94' title='bbox 403 1961 439 2018; x_wconf 89' lang='lat' dir='ltr'><strong>et</strong></span> <span class='ocrx_word' id='word_1_95' title='bbox 454 1961 507 2020; x_wconf 88' lang='lat' dir='ltr'><strong>est</strong></span> <span class='ocrx_word' id='word_1_96' title='bbox 528 1957 675 2017; x_wconf 87' lang='lat' dir='ltr'><strong>venusta</strong></span> <span class='ocrx_word' id='word_1_97' title='bbox 702 1943 846 2016; x_wconf 89' lang='lat' dir='ltr'><strong>collatio</strong></span> <span class='ocrx_word' id='word_1_98' title='bbox 867 1941 983 2036; x_wconf 85' lang='lat' dir='ltr'><strong>publi-</strong></span> 
     </span>
     <span class='ocr_line' id='line_1_17' title="bbox 32 2043 982 2148; baseline -0.014 -24"><span class='ocrx_word' id='word_1_99' title='bbox 32 2059 89 2126; x_wconf 83' lang='lat' dir='ltr'><strong>ciet</strong></span> <span class='ocrx_word' id='word_1_100' title='bbox 102 2052 225 2148; x_wconf 82' lang='lat' dir='ltr'><strong>priuati</strong></span> <span class='ocrx_word' id='word_1_101' title='bbox 243 2051 363 2123; x_wconf 83' lang='lat' dir='ltr'><strong>officii.</strong></span> <span class='ocrx_word' id='word_1_102' title='bbox 441 2055 503 2124; x_wconf 78' lang='lat' dir='ltr'><strong>list</strong></span> <span class='ocrx_word' id='word_1_103' title='bbox 525 2043 744 2146; x_wconf 79' lang='lat' dir='ltr'><strong>omnino⁸⁰)]</strong></span> <span class='ocrx_word' id='word_1_104' title='bbox 772 2045 982 2117; x_wconf 88' lang='lat' dir='ltr'><strong>Commora-</strong></span> 
     </span>
     <span class='ocr_line' id='line_1_18' title="bbox 32 2154 404 2250; baseline -0.008 -22"><span class='ocrx_word' id='word_1_105' title='bbox 32 2172 70 2230; x_wconf 90' lang='lat' dir='ltr'><strong>tur</strong></span> <span class='ocrx_word' id='word_1_106' title='bbox 81 2159 110 2226; x_wconf 92' lang='lat' dir='ltr'><strong>in</strong></span> <span class='ocrx_word' id='word_1_107' title='bbox 121 2154 404 2250; x_wconf 88' lang='lat' dir='ltr'><strong>participatione.</strong></span> 
     </span>
    </p>

    <p class='ocr_par' dir='ltr' id='par_1_6' title="bbox 33 2245 982 2456">
     <span class='ocr_line' id='line_1_19' title="bbox 104 2245 982 2353; baseline -0.022 -21"><span class='ocrx_word' id='word_1_108' title='bbox 104 2259 131 2350; x_wconf 63' lang='grc' dir='ltr'><strong>ἓ.</strong></span> <span class='ocrx_word' id='word_1_109' title='bbox 146 2263 181 2332; x_wconf 71' lang='grc'><strong>2.</strong></span> <span class='ocrx_word' id='word_1_110' title='bbox 206 2255 365 2353; x_wconf 58' lang='lat' dir='ltr'><strong>ldpueu)</strong></span> <span class='ocrx_word' id='word_1_111' title='bbox 381 2267 414 2327; x_wconf 85' lang='lat' dir='ltr'><strong>te</strong></span> <span class='ocrx_word' id='word_1_112' title='bbox 429 2279 496 2326; x_wconf 82' lang='lat' dir='ltr'><strong>noa</strong></span> <span class='ocrx_word' id='word_1_113' title='bbox 509 2247 646 2350; x_wconf 75' lang='lat' dir='ltr'><strong>hortm]</strong></span> <span class='ocrx_word' id='word_1_114' title='bbox 671 2249 817 2332; x_wconf 89' lang='lat' dir='ltr'><strong>Petitio,</strong></span> <span class='ocrx_word' id='word_1_115' title='bbox 842 2271 904 2320; x_wconf 90' lang='lat' dir='ltr'><strong>seu</strong></span> <span class='ocrx_word' id='word_1_116' title='bbox 921 2245 982 2314; x_wconf 91' lang='lat' dir='ltr'><strong>ad-</strong></span> 
     </span>
     <span class='ocr_line' id='line_1_20' title="bbox 33 2346 950 2456; baseline -0.013 -26"><span class='ocrx_word' id='word_1_117' title='bbox 33 2357 218 2456; x_wconf 74' lang='lat' dir='ltr'><strong>hortatio¹’).</strong></span> <span class='ocrx_word' id='word_1_118' title='bbox 295 2359 396 2429; x_wconf 78' lang='lat' dir='ltr'><strong>Ntttt</strong></span> <span class='ocrx_word' id='word_1_119' title='bbox 408 2367 458 2427; x_wconf 84' lang='lat' dir='ltr'><strong>est</strong></span> <span class='ocrx_word' id='word_1_120' title='bbox 472 2349 577 2452; x_wconf 72' lang='lat' dir='ltr'><strong>quod]</strong></span> <span class='ocrx_word' id='word_1_121' title='bbox 604 2352 714 2422; x_wconf 85' lang='lat' dir='ltr'><strong>Ratio</strong></span> <span class='ocrx_word' id='word_1_122' title='bbox 731 2375 774 2421; x_wconf 86' lang='lat' dir='ltr'><strong>ex</strong></span> <span class='ocrx_word' id='word_1_123' title='bbox 785 2346 950 2420; x_wconf 88' lang='lat' dir='ltr'><strong>honesto.</strong></span> 
     </span>
    </p>

    <p class='ocr_par' dir='ltr' id='par_1_7' title="bbox 29 2449 982 2860">
     <span class='ocr_line' id='line_1_21' title="bbox 101 2449 982 2554; baseline -0.016 -20"><span class='ocrx_word' id='word_1_124' title='bbox 101 2460 127 2554; x_wconf 84' lang='lat'><strong>§.</strong></span> <span class='ocrx_word' id='word_1_125' title='bbox 145 2463 179 2534; x_wconf 80' lang='lat'><strong>3.</strong></span> <span class='ocrx_word' id='word_1_126' title='bbox 216 2461 460 2532; x_wconf 69' lang='lat' dir='ltr'><strong>Marcentes</strong></span> <span class='ocrx_word' id='word_1_127' title='bbox 484 2451 635 2554; x_wconf 74' lang='lat' dir='ltr'><strong>petitur]</strong></span> <span class='ocrx_word' id='word_1_128' title='bbox 670 2451 822 2525; x_wconf 89' lang='lat' dir='ltr'><strong>Collatio</strong></span> <span class='ocrx_word' id='word_1_129' title='bbox 847 2449 982 2522; x_wconf 92' lang='lat' dir='ltr'><strong>utilita-</strong></span> 
     </span>
     <span class='ocr_line' id='line_1_22' title="bbox 30 2564 981 2645; baseline -0.015 -10"><span class='ocrx_word' id='word_1_130' title='bbox 30 2577 96 2634; x_wconf 87' lang='lat' dir='ltr'><strong>ton:</strong></span> <span class='ocrx_word' id='word_1_131' title='bbox 129 2565 195 2634; x_wconf 90' lang='lat' dir='ltr'><strong>Per</strong></span> <span class='ocrx_word' id='word_1_132' title='bbox 217 2564 407 2632; x_wconf 80' lang='lat' dir='ltr'><strong>fortunam</strong></span> <span class='ocrx_word' id='word_1_133' title='bbox 437 2569 645 2631; x_wconf 80' lang='lat' dir='ltr'><strong>consecutus</strong></span> <span class='ocrx_word' id='word_1_134' title='bbox 669 2581 706 2628; x_wconf 88' lang='lat' dir='ltr'><strong>es</strong></span> <span class='ocrx_word' id='word_1_135' title='bbox 736 2578 793 2626; x_wconf 85' lang='lat' dir='ltr'><strong>res</strong></span> <span class='ocrx_word' id='word_1_136' title='bbox 821 2575 981 2645; x_wconf 88' lang='lat' dir='ltr'><strong>magnas,</strong></span> 
     </span>
     <span class='ocr_line' id='line_1_23' title="bbox 29 2652 981 2757; baseline -0.007 -25"><span class='ocrx_word' id='word_1_137' title='bbox 29 2689 95 2736; x_wconf 86' lang='lat' dir='ltr'><strong>nunc</strong></span> <span class='ocrx_word' id='word_1_138' title='bbox 108 2667 237 2738; x_wconf 83' lang='lat' dir='ltr'><strong>virtute</strong></span> <span class='ocrx_word' id='word_1_139' title='bbox 254 2661 492 2757; x_wconf 87' lang='lat' dir='ltr'><strong>consequeris.</strong></span> <span class='ocrx_word' id='word_1_140' title='bbox 561 2663 695 2754; x_wconf 61' lang='lat' dir='ltr'><strong>Magea</strong></span> <span class='ocrx_word' id='word_1_141' title='bbox 709 2652 866 2755; x_wconf 74' lang='lat' dir='ltr'><strong>spea”)]</strong></span> <span class='ocrx_word' id='word_1_142' title='bbox 892 2656 981 2726; x_wconf 90' lang='lat' dir='ltr'><strong>Ter-</strong></span> 
     </span>
     <span class='ocr_line' id='line_1_24' title="bbox 29 2763 630 2860; baseline -0.007 -22"><span class='ocrx_word' id='word_1_143' title='bbox 29 2767 147 2840; x_wconf 84' lang='lat' dir='ltr'><strong>tiaratio</strong></span> <span class='ocrx_word' id='word_1_144' title='bbox 161 2770 205 2839; x_wconf 90' lang='lat' dir='ltr'><strong>ab</strong></span> <span class='ocrx_word' id='word_1_145' title='bbox 220 2764 471 2860; x_wconf 80' lang='lat' dir='ltr'><strong>expectatione</strong></span> <span class='ocrx_word' id='word_1_146' title='bbox 486 2763 630 2834; x_wconf 89' lang='lat' dir='ltr'><strong>civium.</strong></span> 
     </span>
    </p>
   </div>
   <div class='ocr_carea' id='block_1_5' title="bbox 188 2927 778 3027">
    <p class='ocr_par' dir='ltr' id='par_1_8' title="bbox 188 2927 778 3027">
     <span class='ocr_line' id='line_1_25' title="bbox 188 2927 778 3027; baseline -0.01 -19"><span class='ocrx_word' id='word_1_147' title='bbox 188 2936 338 3008; x_wconf 82' lang='lat' dir='ltr'><strong>Aliud</strong></span> <span class='ocrx_word' id='word_1_148' title='bbox 365 2927 778 3027; x_wconf 75' lang='lat' dir='ltr'><strong>argumentum”⁸).</strong></span> 
     </span>
    </p>
   </div>
   <div class='ocr_carea' id='block_1_6' title="bbox 24 3063 983 4190">
    <p class='ocr_par' dir='ltr' id='par_1_9' title="bbox 24 3063 983 4190">
     <span class='ocr_line' id='line_1_26' title="bbox 97 3063 981 3161; baseline -0.016 -16"><span class='ocrx_word' id='word_1_149' title='bbox 97 3073 153 3145; x_wconf 85' lang='lat' dir='ltr'><strong>Est</strong></span> <span class='ocrx_word' id='word_1_150' title='bbox 167 3086 201 3144; x_wconf 93' lang='lat' dir='ltr'><strong>et</strong></span> <span class='ocrx_word' id='word_1_151' title='bbox 220 3069 316 3142; x_wconf 86' lang='lat' dir='ltr'><strong>hacc</strong></span> <span class='ocrx_word' id='word_1_152' title='bbox 336 3067 586 3161; x_wconf 89' lang='lat' dir='ltr'><strong>responsoria,</strong></span> <span class='ocrx_word' id='word_1_153' title='bbox 618 3067 679 3138; x_wconf 87' lang='lat' dir='ltr'><strong>sed</strong></span> <span class='ocrx_word' id='word_1_154' title='bbox 703 3063 855 3136; x_wconf 86' lang='lat' dir='ltr'><strong>suasorii</strong></span> <span class='ocrx_word' id='word_1_155' title='bbox 876 3085 981 3154; x_wconf 89' lang='lat' dir='ltr'><strong>gene-</strong></span> 
     </span>
     <span class='ocr_line' id='line_1_27' title="bbox 27 3165 981 3269; baseline -0.01 -25"><span class='ocrx_word' id='word_1_156' title='bbox 27 3175 72 3258; x_wconf 84' lang='lat' dir='ltr'><strong>ris,</strong></span> <span class='ocrx_word' id='word_1_157' title='bbox 92 3176 267 3269; x_wconf 85' lang='lat' dir='ltr'><strong>pertinens</strong></span> <span class='ocrx_word' id='word_1_158' title='bbox 281 3175 326 3244; x_wconf 89' lang='lat' dir='ltr'><strong>ad</strong></span> <span class='ocrx_word' id='word_1_159' title='bbox 340 3170 541 3265; x_wconf 89' lang='lat' dir='ltr'><strong>proximam</strong></span> <span class='ocrx_word' id='word_1_160' title='bbox 558 3169 828 3262; x_wconf 86' lang='lat' dir='ltr'><strong>praecedentem</strong></span> <span class='ocrx_word' id='word_1_161' title='bbox 851 3165 981 3257; x_wconf 90' lang='lat' dir='ltr'><strong>episto·</strong></span> 
     </span>
     <span class='ocr_line' id='line_1_28' title="bbox 27 3269 980 3369; baseline -0.006 -25"><span class='ocrx_word' id='word_1_162' title='bbox 27 3275 85 3349; x_wconf 82' lang='lat' dir='ltr'><strong>lan.</strong></span> <span class='ocrx_word' id='word_1_163' title='bbox 111 3279 274 3350; x_wconf 89' lang='lat' dir='ltr'><strong>Primum</strong></span> <span class='ocrx_word' id='word_1_164' title='bbox 286 3277 408 3369; x_wconf 86' lang='lat' dir='ltr'><strong>itaque</strong></span> <span class='ocrx_word' id='word_1_165' title='bbox 423 3273 546 3342; x_wconf 88' lang='lat' dir='ltr'><strong>laudat</strong></span> <span class='ocrx_word' id='word_1_166' title='bbox 559 3269 850 3352; x_wconf 89' lang='lat' dir='ltr'><strong>illum-animum,</strong></span> <span class='ocrx_word' id='word_1_167' title='bbox 874 3291 980 3362; x_wconf 90' lang='lat' dir='ltr'><strong>quem</strong></span> 
     </span>
     <span class='ocr_line' id='line_1_29' title="bbox 26 3369 983 3470; baseline -0.003 -25"><span class='ocrx_word' id='word_1_168' title='bbox 26 3373 104 3451; x_wconf 90' lang='lat' dir='ltr'><strong>habet</strong></span> <span class='ocrx_word' id='word_1_169' title='bbox 125 3383 279 3452; x_wconf 82' lang='lat' dir='ltr'><strong>Plancus</strong></span> <span class='ocrx_word' id='word_1_170' title='bbox 300 3399 381 3470; x_wconf 86' lang='lat' dir='ltr'><strong>erga</strong></span> <span class='ocrx_word' id='word_1_171' title='bbox 401 3375 672 3468; x_wconf 87' lang='lat' dir='ltr'><strong>rempublicam.</strong></span> <span class='ocrx_word' id='word_1_172' title='bbox 729 3371 869 3442; x_wconf 86' lang='lat' dir='ltr'><strong>Deinde</strong></span> <span class='ocrx_word' id='word_1_173' title='bbox 893 3369 983 3462; x_wconf 89' lang='lat' dir='ltr'><strong>petit</strong></span> 
     </span>
     <span class='ocr_line' id='line_1_30' title="bbox 28 3473 983 3571; baseline -0.009 -20"><span class='ocrx_word' id='word_1_174' title='bbox 28 3503 71 3552; x_wconf 85' lang='lat' dir='ltr'><strong>sen</strong></span> <span class='ocrx_word' id='word_1_175' title='bbox 89 3479 311 3565; x_wconf 88' lang='lat' dir='ltr'><strong>adhortatur,</strong></span> <span class='ocrx_word' id='word_1_176' title='bbox 351 3491 393 3548; x_wconf 86' lang='lat' dir='ltr'><strong>ut</strong></span> <span class='ocrx_word' id='word_1_177' title='bbox 417 3491 543 3571; x_wconf 78' lang='lat' dir='ltr'><strong>pergat</strong></span> <span class='ocrx_word' id='word_1_178' title='bbox 570 3474 639 3548; x_wconf 89' lang='lat' dir='ltr'><strong>hoc</strong></span> <span class='ocrx_word' id='word_1_179' title='bbox 661 3477 771 3544; x_wconf 88' lang='lat' dir='ltr'><strong>modo</strong></span> <span class='ocrx_word' id='word_1_180' title='bbox 794 3473 983 3565; x_wconf 85' lang='lat' dir='ltr'><strong>complecti</strong></span> 
     </span>
     <span class='ocr_line' id='line_1_31' title="bbox 28 3577 981 3676; baseline -0.007 -23"><span class='ocrx_word' id='word_1_181' title='bbox 28 3587 249 3676; x_wconf 87' lang='lat' dir='ltr'><strong>rempublicam</strong></span> <span class='ocrx_word' id='word_1_182' title='bbox 266 3607 308 3652; x_wconf 88' lang='lat' dir='ltr'><strong>ac</strong></span> <span class='ocrx_word' id='word_1_183' title='bbox 323 3581 523 3652; x_wconf 86' lang='lat' dir='ltr'><strong>defendere.</strong></span> <span class='ocrx_word' id='word_1_184' title='bbox 572 3577 770 3650; x_wconf 77' lang='lat' dir='ltr'><strong>Exordium</strong></span> <span class='ocrx_word' id='word_1_185' title='bbox 786 3577 940 3647; x_wconf 85' lang='lat' dir='ltr'><strong>sumitur</strong></span> <span class='ocrx_word' id='word_1_186' title='bbox 960 3599 981 3646; x_wconf 84' lang='lat' dir='ltr'><strong>a</strong></span> 
     </span>
     <span class='ocr_line' id='line_1_32' title="bbox 27 3678 981 3776; baseline -0.004 -22"><span class='ocrx_word' id='word_1_187' title='bbox 27 3688 259 3776; x_wconf 90' lang='lat' dir='ltr'><strong>praedicatione</strong></span> <span class='ocrx_word' id='word_1_188' title='bbox 276 3685 497 3768; x_wconf 88' lang='lat' dir='ltr'><strong>litterarum,</strong></span> <span class='ocrx_word' id='word_1_189' title='bbox 521 3681 561 3750; x_wconf 93' lang='lat' dir='ltr'><strong>in</strong></span> <span class='ocrx_word' id='word_1_190' title='bbox 587 3681 716 3776; x_wconf 91' lang='lat' dir='ltr'><strong>quibus</strong></span> <span class='ocrx_word' id='word_1_191' title='bbox 736 3679 805 3750; x_wconf 85' lang='lat' dir='ltr'><strong>luit</strong></span> <span class='ocrx_word' id='word_1_192' title='bbox 823 3678 981 3750; x_wconf 80' lang='lat' dir='ltr'><strong>declara·</strong></span> 
     </span>
     <span class='ocr_line' id='line_1_33' title="bbox 27 3780 981 3878; baseline -0.009 -20"><span class='ocrx_word' id='word_1_193' title='bbox 27 3789 62 3858; x_wconf 87' lang='lat' dir='ltr'><strong>tio</strong></span> <span class='ocrx_word' id='word_1_194' title='bbox 73 3791 206 3860; x_wconf 87' lang='lat' dir='ltr'><strong>minime</strong></span> <span class='ocrx_word' id='word_1_195' title='bbox 223 3790 375 3860; x_wconf 85' lang='lat' dir='ltr'><strong>obscura</strong></span> <span class='ocrx_word' id='word_1_196' title='bbox 391 3784 526 3878; x_wconf 83' lang='lat' dir='ltr'><strong>privati</strong></span> <span class='ocrx_word' id='word_1_197' title='bbox 541 3795 576 3852; x_wconf 89' lang='lat' dir='ltr'><strong>et</strong></span> <span class='ocrx_word' id='word_1_198' title='bbox 588 3780 723 3877; x_wconf 88' lang='lat' dir='ltr'><strong>publici</strong></span> <span class='ocrx_word' id='word_1_199' title='bbox 737 3781 855 3854; x_wconf 85' lang='lat' dir='ltr'><strong>officii.</strong></span> <span class='ocrx_word' id='word_1_200' title='bbox 890 3780 981 3850; x_wconf 90' lang='lat' dir='ltr'><strong>Pro·</strong></span> 
     </span>
     <span class='ocr_line' id='line_1_34' title="bbox 27 3882 981 3984; baseline -0.01 -24"><span class='ocrx_word' id='word_1_201' title='bbox 27 3892 127 3980; x_wconf 88' lang='lat' dir='ltr'><strong>positio</strong></span> <span class='ocrx_word' id='word_1_202' title='bbox 141 3889 249 3964; x_wconf 87' lang='lat' dir='ltr'><strong>habet</strong></span> <span class='ocrx_word' id='word_1_203' title='bbox 264 3889 475 3984; x_wconf 90' lang='lat' dir='ltr'><strong>petitionem</strong></span> <span class='ocrx_word' id='word_1_204' title='bbox 490 3909 554 3956; x_wconf 88' lang='lat' dir='ltr'><strong>seu</strong></span> <span class='ocrx_word' id='word_1_205' title='bbox 569 3882 871 3954; x_wconf 86' lang='lat' dir='ltr'><strong>adhortationem.</strong></span> <span class='ocrx_word' id='word_1_206' title='bbox 907 3882 981 3952; x_wconf 88' lang='lat' dir='ltr'><strong>Ad·</strong></span> 
     </span>
     <span class='ocr_line' id='line_1_35' title="bbox 26 3980 980 4077; baseline -0.008 -15"><span class='ocrx_word' id='word_1_207' title='bbox 26 3993 128 4066; x_wconf 88' lang='lat' dir='ltr'><strong>dmtur</strong></span> <span class='ocrx_word' id='word_1_208' title='bbox 150 4009 222 4067; x_wconf 87' lang='lat' dir='ltr'><strong>tres</strong></span> <span class='ocrx_word' id='word_1_209' title='bbox 239 3993 412 4064; x_wconf 86' lang='lat' dir='ltr'><strong>rationes.</strong></span> <span class='ocrx_word' id='word_1_210' title='bbox 468 3987 592 4059; x_wconf 90' lang='lat' dir='ltr'><strong>Prima</strong></span> <span class='ocrx_word' id='word_1_211' title='bbox 616 3998 669 4058; x_wconf 90' lang='lat' dir='ltr'><strong>est</strong></span> <span class='ocrx_word' id='word_1_212' title='bbox 687 3997 829 4077; x_wconf 89' lang='lat' dir='ltr'><strong>sumpta</strong></span> <span class='ocrx_word' id='word_1_213' title='bbox 852 4009 895 4054; x_wconf 92' lang='lat' dir='ltr'><strong>ex</strong></span> <span class='ocrx_word' id='word_1_214' title='bbox 915 3980 980 4054; x_wconf 91' lang='lat' dir='ltr'><strong>ho-</strong></span> 
     </span>
     <span class='ocr_line' id='line_1_36' title="bbox 24 4088 981 4190; baseline -0.013 -22"><span class='ocrx_word' id='word_1_215' title='bbox 24 4109 109 4170; x_wconf 82' lang='lat' dir='ltr'><strong>nesto.</strong></span> <span class='ocrx_word' id='word_1_216' title='bbox 155 4097 319 4170; x_wconf 87' lang='lat' dir='ltr'><strong>Secunda</strong></span> <span class='ocrx_word' id='word_1_217' title='bbox 344 4093 426 4190; x_wconf 54' lang='lat' dir='ltr'><strong>affl)</strong></span> <span class='ocrx_word' id='word_1_218' title='bbox 446 4090 637 4162; x_wconf 90' lang='lat' dir='ltr'><strong>collatione</strong></span> <span class='ocrx_word' id='word_1_219' title='bbox 658 4090 825 4158; x_wconf 77' lang='lat' dir='ltr'><strong>fortunae</strong></span> <span class='ocrx_word' id='word_1_220' title='bbox 850 4099 885 4156; x_wconf 91' lang='lat' dir='ltr'><strong>et</strong></span> <span class='ocrx_word' id='word_1_221' title='bbox 907 4088 981 4156; x_wconf 91' lang='lat' dir='ltr'><strong>vir·</strong></span> 
     </span>
    </p>
   </div>
   <div class='ocr_carea' id='block_1_7' title="bbox 25 4247 195 4270">
    <p class='ocr_par' dir='ltr' id='par_1_10' title="bbox 25 4247 195 4270">
     <span class='ocr_line' id='line_1_37' title="bbox 25 4247 195 4270; baseline -0.006 1"><span class='ocrx_word' id='word_1_222' title='bbox 25 4247 195 4270; x_wconf 59' lang='lat'><strong>¹⁸¹¹—-</strong></span> 
     </span>
    </p>
   </div>
   <div class='ocr_carea' id='block_1_8' title="bbox 44 4321 979 4448">
    <p class='ocr_par' dir='ltr' id='par_1_11' title="bbox 44 4321 979 4448">
     <span class='ocr_line' id='line_1_38' title="bbox 44 4321 979 4448; baseline -0.004 -70"><span class='ocrx_word' id='word_1_223' title='bbox 44 4325 147 4448; x_wconf 53' lang='lat' dir='ltr'><strong>ttpgpc</strong></span> <span class='ocrx_word' id='word_1_224' title='bbox 158 4332 351 4397; x_wconf 74' lang='lat' dir='ltr'><strong>argumentum</strong></span> <span class='ocrx_word' id='word_1_225' title='bbox 361 4330 461 4380; x_wconf 73' lang='lat' dir='ltr'><strong>tabern</strong></span> <span class='ocrx_word' id='word_1_226' title='bbox 474 4327 558 4382; x_wconf 78' lang='lat' dir='ltr'><strong>unct.</strong></span> <span class='ocrx_word' id='word_1_227' title='bbox 568 4322 770 4389; x_wconf 69' lang='lat' dir='ltr'><strong>tm-ttth,</strong></span> <span class='ocrx_word' id='word_1_228' title='bbox 785 4321 872 4388; x_wconf 66' lang='lat' dir='ltr'><strong>tm,</strong></span> <span class='ocrx_word' id='word_1_229' title='bbox 892 4321 979 4389; x_wconf 66' lang='lat' dir='ltr'><strong>tw,</strong></span> 
     </span>
    </p>
   </div>
   <div class='ocr_carea' id='block_1_9' title="bbox 44 4476 980 4618">
    <p class='ocr_par' dir='ltr' id='par_1_12' title="bbox 44 4476 980 4618">
     <span class='ocr_line' id='line_1_39' title="bbox 44 4476 980 4544; baseline -0.01 -5"><span class='ocrx_word' id='word_1_230' title='bbox 44 4477 80 4539; x_wconf 61' lang='lat' dir='ltr'><strong>Ul</strong></span> <span class='ocrx_word' id='word_1_231' title='bbox 96 4483 146 4536; x_wconf 80' lang='lat' dir='ltr'><strong>Pro</strong></span> <span class='ocrx_word' id='word_1_232' title='bbox 162 4485 206 4536; x_wconf 83' lang='lat' dir='ltr'><strong>tte</strong></span> <span class='ocrx_word' id='word_1_233' title='bbox 222 4486 280 4539; x_wconf 84' lang='lat' dir='ltr'><strong>cto.</strong></span> <span class='ocrx_word' id='word_1_234' title='bbox 297 4484 394 4537; x_wconf 82' lang='lat' dir='ltr'><strong>rerbte</strong></span> <span class='ocrx_word' id='word_1_235' title='bbox 411 4482 534 4534; x_wconf 71' lang='lat' dir='ltr'><strong>tenure</strong></span> <span class='ocrx_word' id='word_1_236' title='bbox 548 4479 636 4544; x_wconf 69' lang='lat' dir='ltr'><strong>tud,</strong></span> <span class='ocrx_word' id='word_1_237' title='bbox 654 4479 731 4530; x_wconf 66' lang='lat' dir='ltr'><strong>tm</strong></span> <span class='ocrx_word' id='word_1_238' title='bbox 747 4476 810 4530; x_wconf 76' lang='lat' dir='ltr'><strong>aero</strong></span> <span class='ocrx_word' id='word_1_239' title='bbox 826 4477 910 4528; x_wconf 76' lang='lat' dir='ltr'><strong>neree</strong></span> <span class='ocrx_word' id='word_1_240' title='bbox 926 4476 980 4530; x_wconf 71' lang='lat' dir='ltr'><strong>ad·</strong></span> 
     </span>
     <span class='ocr_line' id='line_1_40' title="bbox 67 4549 879 4618; baseline -0.005 -16"><span class='ocrx_word' id='word_1_241' title='bbox 67 4553 164 4616; x_wconf 83' lang='lat' dir='ltr'><strong>aortpta·</strong></span> <span class='ocrx_word' id='word_1_242' title='bbox 176 4557 243 4606; x_wconf 85' lang='lat' dir='ltr'><strong>sont</strong></span> <span class='ocrx_word' id='word_1_243' title='bbox 260 4553 418 4618; x_wconf 74' lang='lat' dir='ltr'><strong>sequentior</strong></span> <span class='ocrx_word' id='word_1_244' title='bbox 443 4551 548 4617; x_wconf 74' lang='lat' dir='ltr'><strong>ltaque</strong></span> <span class='ocrx_word' id='word_1_245' title='bbox 564 4549 797 4602; x_wconf 72' lang='lat' dir='ltr'><strong>commoratio</strong></span> <span class='ocrx_word' id='word_1_246' title='bbox 816 4551 879 4598; x_wconf 78' lang='lat' dir='ltr'><strong>tae.</strong></span> 
     </span>
    </p>
   </div>
   <div class='ocr_carea' id='block_1_10' title="bbox 46 4627 980 4908">
    <p class='ocr_par' dir='ltr' id='par_1_13' title="bbox 46 4627 980 4908">
     <span class='ocr_line' id='line_1_41' title="bbox 46 4627 978 4706; baseline -0.017 -9"><span class='ocrx_word' id='word_1_247' title='bbox 46 4631 83 4696; x_wconf 76' lang='lat'><strong>⁸¹)</strong></span> <span class='ocrx_word' id='word_1_248' title='bbox 98 4637 195 4706; x_wconf 71' lang='grc' dir='ltr'>ιιιιιι]</span> <span class='ocrx_word' id='word_1_249' title='bbox 219 4640 261 4690; x_wconf 77' lang='grc' dir='ltr'><strong>ιιι</strong></span> <span class='ocrx_word' id='word_1_250' title='bbox 277 4640 327 4692; x_wconf 80' lang='lat' dir='ltr'><strong>ue</strong></span> <span class='ocrx_word' id='word_1_251' title='bbox 349 4637 425 4689; x_wconf 80' lang='lat' dir='ltr'><strong>rear.</strong></span> <span class='ocrx_word' id='word_1_252' title='bbox 450 4637 478 4686; x_wconf 90' lang='grc' dir='ltr'><strong>ιι</strong></span> <span class='ocrx_word' id='word_1_253' title='bbox 502 4639 597 4700; x_wconf 66' lang='lat' dir='ltr'><strong>exeo,</strong></span> <span class='ocrx_word' id='word_1_254' title='bbox 627 4634 656 4686; x_wconf 78' lang='lat' dir='ltr'><strong>et</strong></span> <span class='ocrx_word' id='word_1_255' title='bbox 672 4633 759 4686; x_wconf 79' lang='lat' dir='ltr'><strong>nem.</strong></span> <span class='ocrx_word' id='word_1_256' title='bbox 778 4631 873 4690; x_wconf 84' lang='lat' dir='ltr'><strong>rseo..</strong></span> <span class='ocrx_word' id='word_1_257' title='bbox 892 4627 978 4695; x_wconf 77' lang='lat' dir='ltr'><strong>roae,</strong></span> 
     </span>
     <span class='ocr_line' id='line_1_42' title="bbox 71 4701 979 4776; baseline -0.009 -19"><span class='ocrx_word' id='word_1_258' title='bbox 71 4707 152 4776; x_wconf 69' lang='lat' dir='ltr'><strong>itte,</strong></span> <span class='ocrx_word' id='word_1_259' title='bbox 178 4709 255 4760; x_wconf 71' lang='lat' dir='ltr'><strong>tw.</strong></span> <span class='ocrx_word' id='word_1_260' title='bbox 272 4711 299 4758; x_wconf 85' lang='lat' dir='ltr'><strong>ia</strong></span> <span class='ocrx_word' id='word_1_261' title='bbox 318 4707 374 4759; x_wconf 74' lang='lat' dir='ltr'><strong>etc.</strong></span> <span class='ocrx_word' id='word_1_262' title='bbox 393 4706 487 4756; x_wconf 82' lang='lat' dir='ltr'><strong>rerbte</strong></span> <span class='ocrx_word' id='word_1_263' title='bbox 502 4706 564 4756; x_wconf 83' lang='lat' dir='ltr'><strong>huto</strong></span> <span class='ocrx_word' id='word_1_264' title='bbox 582 4705 665 4754; x_wconf 83' lang='lat' dir='ltr'><strong>notae</strong></span> <span class='ocrx_word' id='word_1_265' title='bbox 682 4701 830 4767; x_wconf 74' lang='lat' dir='ltr'><strong>praetere,</strong></span> <span class='ocrx_word' id='word_1_266' title='bbox 854 4701 881 4750; x_wconf 85' lang='lat' dir='ltr'><strong>to</strong></span> <span class='ocrx_word' id='word_1_267' title='bbox 899 4701 979 4750; x_wconf 83' lang='lat' dir='ltr'><strong>texta</strong></span> 
     </span>
     <span class='ocr_line' id='line_1_43' title="bbox 70 4771 980 4839; baseline -0.005 -15"><span class='ocrx_word' id='word_1_268' title='bbox 70 4779 149 4828; x_wconf 81' lang='grc' dir='ltr'>ιιιιιι</span> <span class='ocrx_word' id='word_1_269' title='bbox 163 4778 250 4828; x_wconf 77' lang='lat' dir='ltr'><strong>narce</strong></span> <span class='ocrx_word' id='word_1_270' title='bbox 271 4775 480 4839; x_wconf 75' lang='lat' dir='ltr'><strong>rare-roos,</strong></span> <span class='ocrx_word' id='word_1_271' title='bbox 500 4773 592 4836; x_wconf 74' lang='lat' dir='ltr'><strong>rora,</strong></span> <span class='ocrx_word' id='word_1_272' title='bbox 612 4771 705 4838; x_wconf 70' lang='lat' dir='ltr'><strong>tacu„</strong></span> <span class='ocrx_word' id='word_1_273' title='bbox 731 4771 808 4822; x_wconf 81' lang='lat' dir='ltr'><strong>reor.</strong></span> <span class='ocrx_word' id='word_1_274' title='bbox 831 4779 920 4834; x_wconf 72' lang='lat' dir='ltr'><strong>uene</strong></span> <span class='ocrx_word' id='word_1_275' title='bbox 945 4779 980 4820; x_wconf 82' lang='grc' dir='ltr'><strong>ιι</strong></span> 
     </span>
     <span class='ocr_line' id='line_1_44' title="bbox 67 4843 462 4908; baseline -0.015 -8"><span class='ocrx_word' id='word_1_276' title='bbox 67 4843 109 4899; x_wconf 70' lang='grc' dir='ltr'><strong>ΙΙ.</strong></span> <span class='ocrx_word' id='word_1_277' title='bbox 126 4847 211 4900; x_wconf 79' lang='lat' dir='ltr'><strong>orett.</strong></span> <span class='ocrx_word' id='word_1_278' title='bbox 231 4846 331 4896; x_wconf 81' lang='lat' dir='ltr'><strong>renent</strong></span> <span class='ocrx_word' id='word_1_279' title='bbox 349 4843 462 4908; x_wconf 81' lang='lat' dir='ltr'><strong>ltaque.</strong></span> 
     </span>
    </p>
   </div>
   <div class='ocr_carea' id='block_1_11' title="bbox 46 4919 712 4990">
    <p class='ocr_par' dir='ltr' id='par_1_14' title="bbox 46 4919 712 4990">
     <span class='ocr_line' id='line_1_45' title="bbox 46 4919 712 4990; baseline -0.009 -7"><span class='ocrx_word' id='word_1_280' title='bbox 46 4919 82 4983; x_wconf 61' lang='grc' dir='ltr'><strong>δ)</strong></span> <span class='ocrx_word' id='word_1_281' title='bbox 96 4929 166 4979; x_wconf 71' lang='lat' dir='ltr'><strong>mee</strong></span> <span class='ocrx_word' id='word_1_282' title='bbox 182 4931 250 4979; x_wconf 77' lang='grc' dir='ltr'>ιιιι</span> <span class='ocrx_word' id='word_1_283' title='bbox 266 4928 294 4976; x_wconf 89' lang='grc' dir='ltr'><strong>ιιι</strong></span> <span class='ocrx_word' id='word_1_284' title='bbox 311 4927 397 4979; x_wconf 77' lang='lat' dir='ltr'><strong>nnn</strong></span> <span class='ocrx_word' id='word_1_285' title='bbox 413 4926 508 4990; x_wconf 64' lang='lat' dir='ltr'><strong>raas„</strong></span> <span class='ocrx_word' id='word_1_286' title='bbox 527 4924 603 4977; x_wconf 85' lang='lat' dir='ltr'><strong>raso.</strong></span> <span class='ocrx_word' id='word_1_287' title='bbox 622 4923 712 4977; x_wconf 73' lang='lat' dir='ltr'><strong>esest.</strong></span> 
     </span>
    </p>
   </div>
   <div class='ocr_carea' id='block_1_12' title="bbox 45 5003 977 5145">
    <p class='ocr_par' dir='ltr' id='par_1_15' title="bbox 45 5003 977 5145">
     <span class='ocr_line' id='line_1_46' title="bbox 45 5003 977 5074; baseline -0.009 -6"><span class='ocrx_word' id='word_1_288' title='bbox 45 5003 80 5068; x_wconf 61' lang='grc' dir='ltr'><strong>θ)</strong></span> <span class='ocrx_word' id='word_1_289' title='bbox 94 5011 121 5062; x_wconf 86' lang='grc' dir='ltr'><strong>ιι</strong></span> <span class='ocrx_word' id='word_1_290' title='bbox 135 5013 358 5066; x_wconf 74' lang='lat' dir='ltr'><strong>trecenteno.</strong></span> <span class='ocrx_word' id='word_1_291' title='bbox 374 5012 437 5064; x_wconf 79' lang='grc' dir='ltr'>ιιιο</span> <span class='ocrx_word' id='word_1_292' title='bbox 453 5014 537 5063; x_wconf 76' lang='lat' dir='ltr'><strong>noue</strong></span> <span class='ocrx_word' id='word_1_293' title='bbox 553 5021 605 5074; x_wconf 77' lang='lat' dir='ltr'><strong>pro</strong></span> <span class='ocrx_word' id='word_1_294' title='bbox 622 5009 666 5058; x_wconf 85' lang='grc' dir='ltr'><strong>ιιι</strong></span> <span class='ocrx_word' id='word_1_295' title='bbox 683 5005 825 5070; x_wconf 63' lang='lat' dir='ltr'><strong>ernusto</strong></span> <span class='ocrx_word' id='word_1_296' title='bbox 841 5007 908 5060; x_wconf 80' lang='lat' dir='ltr'><strong>sont</strong></span> <span class='ocrx_word' id='word_1_297' title='bbox 923 5017 977 5059; x_wconf 84' lang='lat' dir='ltr'><strong>ee-</strong></span> 
     </span>
     <span class='ocr_line' id='line_1_47' title="bbox 69 5079 689 5145; baseline -0.002 -15"><span class='ocrx_word' id='word_1_298' title='bbox 69 5081 212 5132; x_wconf 73' lang='lat' dir='ltr'><strong>tecedentla</strong></span> <span class='ocrx_word' id='word_1_299' title='bbox 230 5081 286 5134; x_wconf 76' lang='lat' dir='ltr'><strong>clo.</strong></span> <span class='ocrx_word' id='word_1_300' title='bbox 304 5083 406 5132; x_wconf 73' lang='lat' dir='ltr'><strong>verber</strong></span> <span class='ocrx_word' id='word_1_301' title='bbox 430 5081 486 5133; x_wconf 72' lang='lat' dir='ltr'><strong>His</strong></span> <span class='ocrx_word' id='word_1_302' title='bbox 502 5079 689 5145; x_wconf 60' lang='lat' dir='ltr'><strong>tenvem.</strong></span> 
     </span>
    </p>
   </div>
   <div class='ocr_carea' id='block_1_13' title="bbox 47 5153 977 5290">
    <p class='ocr_par' dir='ltr' id='par_1_16' title="bbox 47 5153 977 5290">
     <span class='ocr_line' id='line_1_48' title="bbox 47 5153 977 5232; baseline -0.01 -9"><span class='ocrx_word' id='word_1_303' title='bbox 47 5153 99 5222; x_wconf 59' lang='grc' dir='ltr'><strong>θ’)</strong></span> <span class='ocrx_word' id='word_1_304' title='bbox 113 5167 168 5217; x_wconf 86' lang='lat' dir='ltr'><strong>troe</strong></span> <span class='ocrx_word' id='word_1_305' title='bbox 184 5170 376 5232; x_wconf 77' lang='lat' dir='ltr'><strong>ergonentora</strong></span> <span class='ocrx_word' id='word_1_306' title='bbox 393 5171 422 5218; x_wconf 86' lang='lat' dir='ltr'><strong>et</strong></span> <span class='ocrx_word' id='word_1_307' title='bbox 438 5166 494 5218; x_wconf 84' lang='lat' dir='ltr'><strong>trta</strong></span> <span class='ocrx_word' id='word_1_308' title='bbox 505 5161 890 5230; x_wconf 53' lang='lat' dir='ltr'><strong>superterrenorum,</strong></span> <span class='ocrx_word' id='word_1_309' title='bbox 909 5161 977 5215; x_wconf 65' lang='lat' dir='ltr'><strong>tub</strong></span> 
     </span>
     <span class='ocr_line' id='line_1_49' title="bbox 69 5233 363 5290; baseline 0.02 -6"><span class='ocrx_word' id='word_1_310' title='bbox 69 5233 172 5288; x_wconf 74' lang='lat' dir='ltr'><strong>-raat</strong></span> <span class='ocrx_word' id='word_1_311' title='bbox 193 5236 363 5290; x_wconf 72' lang='lat' dir='ltr'><strong>exhibentur.</strong></span> 
     </span>
    </p>
   </div>
   <div class='ocr_carea' id='block_1_14' title="bbox 45 5309 975 5440">
    <p class='ocr_par' dir='ltr' id='par_1_17' title="bbox 45 5309 975 5440">
     <span class='ocr_line' id='line_1_50' title="bbox 45 5309 975 5440; baseline 0 -66"><span class='ocrx_word' id='word_1_312' title='bbox 45 5309 178 5440; x_wconf 49' lang='lat' dir='ltr'><strong>“mero</strong></span> <span class='ocrx_word' id='word_1_313' title='bbox 196 5325 274 5376; x_wconf 78' lang='lat' dir='ltr'><strong>reete</strong></span> <span class='ocrx_word' id='word_1_314' title='bbox 290 5321 377 5376; x_wconf 80' lang='lat' dir='ltr'><strong>retro.</strong></span> <span class='ocrx_word' id='word_1_315' title='bbox 397 5321 492 5388; x_wconf 74' lang='lat' dir='ltr'><strong>teau,</strong></span> <span class='ocrx_word' id='word_1_316' title='bbox 512 5317 605 5385; x_wconf 63' lang='lat' dir='ltr'><strong>tatus</strong></span> <span class='ocrx_word' id='word_1_317' title='bbox 627 5317 760 5404; x_wconf 74' lang='grc' dir='ltr'>ιιιιιιι.</span> <span class='ocrx_word' id='word_1_318' title='bbox 780 5317 878 5388; x_wconf 77' lang='lat' dir='ltr'><strong>taen,</strong></span> <span class='ocrx_word' id='word_1_319' title='bbox 897 5317 975 5374; x_wconf 71' lang='lat' dir='ltr'><strong>rtet</strong></span> 
     </span>
    </p>
   </div>
   <div class='ocr_carea' id='block_1_15' title="bbox 1038 360 2034 1078">
    <p class='ocr_par' dir='ltr' id='par_1_18' title="bbox 1038 360 2034 1078">
     <span class='ocr_line' id='line_1_51' title="bbox 1040 360 2034 471; baseline 0.016 -41"><span class='ocrx_word' id='word_1_320' title='bbox 1040 360 1138 447; x_wconf 86' lang='lat' dir='ltr'><strong>tutis,</strong></span> <span class='ocrx_word' id='word_1_321' title='bbox 1163 379 1285 462; x_wconf 89' lang='lat' dir='ltr'><strong>estque</strong></span> <span class='ocrx_word' id='word_1_322' title='bbox 1300 363 1389 440; x_wconf 91' lang='lat' dir='ltr'><strong>baec</strong></span> <span class='ocrx_word' id='word_1_323' title='bbox 1406 395 1566 444; x_wconf 87' lang='lat' dir='ltr'><strong>summa:</strong></span> <span class='ocrx_word' id='word_1_324' title='bbox 1591 369 1724 444; x_wconf 86' lang='lat' dir='ltr'><strong>Omnia</strong></span> <span class='ocrx_word' id='word_1_325' title='bbox 1740 369 1924 460; x_wconf 85' lang='lat' dir='ltr'><strong>hacteuus,</strong></span> <span class='ocrx_word' id='word_1_326' title='bbox 1941 399 2034 471; x_wconf 88' lang='lat' dir='ltr'><strong>quae</strong></span> 
     </span>
     <span class='ocr_line' id='line_1_52' title="bbox 1039 459 2032 551; baseline 0.014 -19"><span class='ocrx_word' id='word_1_327' title='bbox 1039 459 1167 551; x_wconf 90' lang='lat' dir='ltr'><strong>habes,</strong></span> <span class='ocrx_word' id='word_1_328' title='bbox 1202 485 1409 546; x_wconf 89' lang='lat' dir='ltr'><strong>consecutus</strong></span> <span class='ocrx_word' id='word_1_329' title='bbox 1432 497 1469 546; x_wconf 88' lang='lat' dir='ltr'><strong>es</strong></span> <span class='ocrx_word' id='word_1_330' title='bbox 1491 477 1581 546; x_wconf 87' lang='lat' dir='ltr'><strong>duce</strong></span> <span class='ocrx_word' id='word_1_331' title='bbox 1601 475 1759 548; x_wconf 81' lang='lat' dir='ltr'><strong>fortuna.</strong></span> <span class='ocrx_word' id='word_1_332' title='bbox 1817 477 1923 550; x_wconf 91' lang='lat' dir='ltr'><strong>Nunc</strong></span> <span class='ocrx_word' id='word_1_333' title='bbox 1945 501 2032 547; x_wconf 88' lang='lat' dir='ltr'><strong>vero</strong></span> 
     </span>
     <span class='ocr_line' id='line_1_53' title="bbox 1039 568 2034 684; baseline 0.014 -47"><span class='ocrx_word' id='word_1_334' title='bbox 1039 568 1122 684; x_wconf 46' lang='lat' dir='ltr'><strong>sola,</strong></span> <span class='ocrx_word' id='word_1_335' title='bbox 1133 568 1264 642; x_wconf 87' lang='lat' dir='ltr'><strong>virtute</strong></span> <span class='ocrx_word' id='word_1_336' title='bbox 1281 573 1501 650; x_wconf 86' lang='lat' dir='ltr'><strong>inclaresces.</strong></span> <span class='ocrx_word' id='word_1_337' title='bbox 1554 569 1794 648; x_wconf 69' lang='lat' dir='ltr'><strong>Tertia&#39;ratio</strong></span> <span class='ocrx_word' id='word_1_338' title='bbox 1812 580 1857 650; x_wconf 89' lang='lat' dir='ltr'><strong>ab</strong></span> <span class='ocrx_word' id='word_1_339' title='bbox 1872 593 2034 672; x_wconf 84' lang='lat' dir='ltr'><strong>expecta-</strong></span> 
     </span>
     <span class='ocr_line' id='line_1_54' title="bbox 1039 673 2034 764; baseline 0.015 -27"><span class='ocrx_word' id='word_1_340' title='bbox 1039 681 1138 739; x_wconf 89' lang='lat' dir='ltr'><strong>trone</strong></span> <span class='ocrx_word' id='word_1_341' title='bbox 1154 673 1315 744; x_wconf 89' lang='lat' dir='ltr'><strong>omnium</strong></span> <span class='ocrx_word' id='word_1_342' title='bbox 1331 678 1510 749; x_wconf 88' lang='lat' dir='ltr'><strong>bonorum</strong></span> <span class='ocrx_word' id='word_1_343' title='bbox 1527 679 1679 764; x_wconf 89' lang='lat' dir='ltr'><strong>civium,</strong></span> <span class='ocrx_word' id='word_1_344' title='bbox 1707 681 1829 751; x_wconf 88' lang='lat' dir='ltr'><strong>addita</strong></span> <span class='ocrx_word' id='word_1_345' title='bbox 1844 681 1947 752; x_wconf 87' lang='lat' dir='ltr'><strong>brevi</strong></span> <span class='ocrx_word' id='word_1_346' title='bbox 1972 683 2034 752; x_wconf 89' lang='lat' dir='ltr'><strong>ad·</strong></span> 
     </span>
     <span class='ocr_line' id='line_1_55' title="bbox 1038 765 2031 874; baseline 0.013 -35"><span class='ocrx_word' id='word_1_347' title='bbox 1038 765 1242 865; x_wconf 81' lang='lat' dir='ltr'><strong>hortatione</strong></span> <span class='ocrx_word' id='word_1_348' title='bbox 1266 801 1331 868; x_wconf 93' lang='lat' dir='ltr'><strong>per</strong></span> <span class='ocrx_word' id='word_1_349' title='bbox 1359 781 1644 854; x_wconf 88' lang='lat' dir='ltr'><strong>obtestationem.</strong></span> <span class='ocrx_word' id='word_1_350' title='bbox 1711 780 1753 853; x_wconf 90' lang='lat' dir='ltr'><strong>lu</strong></span> <span class='ocrx_word' id='word_1_351' title='bbox 1782 784 1852 854; x_wconf 87' lang='lat' dir='ltr'><strong>line</strong></span> <span class='ocrx_word' id='word_1_352' title='bbox 1882 783 2031 874; x_wconf 92' lang='lat' dir='ltr'><strong>ponitur</strong></span> 
     </span>
     <span class='ocr_line' id='line_1_56' title="bbox 1038 875 2030 972; baseline 0.012 -30"><span class='ocrx_word' id='word_1_353' title='bbox 1038 875 1213 961; x_wconf 87' lang='lat' dir='ltr'><strong>clausula,</strong></span> <span class='ocrx_word' id='word_1_354' title='bbox 1240 903 1311 972; x_wconf 88' lang='lat' dir='ltr'><strong>qua</strong></span> <span class='ocrx_word' id='word_1_355' title='bbox 1327 882 1433 950; x_wconf 88' lang='lat' dir='ltr'><strong>fidem</strong></span> <span class='ocrx_word' id='word_1_356' title='bbox 1452 883 1537 952; x_wconf 82' lang='lat' dir='ltr'><strong>lacit</strong></span> <span class='ocrx_word' id='word_1_357' title='bbox 1558 879 1803 955; x_wconf 86' lang='lat' dir='ltr'><strong>adhortationi</strong></span> <span class='ocrx_word' id='word_1_358' title='bbox 1826 911 1846 958; x_wconf 90' lang='lat' dir='ltr'><strong>a</strong></span> <span class='ocrx_word' id='word_1_359' title='bbox 1867 885 2030 957; x_wconf 80' lang='lat' dir='ltr'><strong>testifica-</strong></span> 
     </span>
     <span class='ocr_line' id='line_1_57' title="bbox 1039 975 1689 1078; baseline 0.02 -32"><span class='ocrx_word' id='word_1_360' title='bbox 1039 975 1135 1048; x_wconf 88' lang='lat' dir='ltr'><strong>tione</strong></span> <span class='ocrx_word' id='word_1_361' title='bbox 1148 1003 1234 1050; x_wconf 89' lang='lat' dir='ltr'><strong>suae</strong></span> <span class='ocrx_word' id='word_1_362' title='bbox 1250 981 1444 1056; x_wconf 84' lang='lat' dir='ltr'><strong>voluntatis</strong></span> <span class='ocrx_word' id='word_1_363' title='bbox 1459 1008 1541 1076; x_wconf 86' lang='lat' dir='ltr'><strong>erga</strong></span> <span class='ocrx_word' id='word_1_364' title='bbox 1556 985 1689 1078; x_wconf 90' lang='lat' dir='ltr'><strong>ipsum.</strong></span> 
     </span>
    </p>
   </div>
   <div class='ocr_carea' id='block_1_16' title="bbox 1277 1172 1827 1282">
    <p class='ocr_par' dir='ltr' id='par_1_19' title="bbox 1277 1172 1827 1282">
     <span class='ocr_line' id='line_1_58' title="bbox 1277 1172 1827 1282; baseline 0.005 -26"><span class='ocrx_word' id='word_1_365' title='bbox 1277 1184 1418 1258; x_wconf 84' lang='lat' dir='ltr'><strong>Aliud</strong></span> <span class='ocrx_word' id='word_1_366' title='bbox 1444 1202 1772 1282; x_wconf 82' lang='lat' dir='ltr'><strong>argumentum.</strong></span> <span class='ocrx_word' id='word_1_367' title='bbox 1824 1172 1827 1176; x_wconf 35' lang='lat'>⁵</span> 
     </span>
    </p>
   </div>
   <div class='ocr_carea' id='block_1_17' title="bbox 1031 1333 2063 2841">
    <p class='ocr_par' dir='ltr' id='par_1_20' title="bbox 1031 1333 2063 2841">
     <span class='ocr_line' id='line_1_59' title="bbox 1137 1333 2027 1436; baseline 0.008 -31"><span class='ocrx_word' id='word_1_368' title='bbox 1137 1333 1381 1429; x_wconf 89' lang='lat' dir='ltr'><strong>Responsoria</strong></span> <span class='ocrx_word' id='word_1_369' title='bbox 1404 1341 1523 1411; x_wconf 89' lang='lat' dir='ltr'><strong>estad</strong></span> <span class='ocrx_word' id='word_1_370' title='bbox 1546 1342 1817 1436; x_wconf 87' lang='lat' dir='ltr'><strong>praecedentem</strong></span> <span class='ocrx_word' id='word_1_371' title='bbox 1837 1339 2027 1434; x_wconf 84' lang='lat' dir='ltr'><strong>epistolam</strong></span> 
     </span>
     <span class='ocr_line' id='line_1_60' title="bbox 1037 1435 2026 1538; baseline 0.006 -32"><span class='ocrx_word' id='word_1_372' title='bbox 1037 1435 1180 1522; x_wconf 89' lang='lat' dir='ltr'><strong>Planci,</strong></span> <span class='ocrx_word' id='word_1_373' title='bbox 1204 1440 1370 1510; x_wconf 88' lang='lat' dir='ltr'><strong>adiuncta</strong></span> <span class='ocrx_word' id='word_1_374' title='bbox 1386 1438 1591 1513; x_wconf 87' lang='lat' dir='ltr'><strong>hortatione</strong></span> <span class='ocrx_word' id='word_1_375' title='bbox 1609 1446 1653 1513; x_wconf 90' lang='lat' dir='ltr'><strong>ad</strong></span> <span class='ocrx_word' id='word_1_376' title='bbox 1672 1447 1841 1514; x_wconf 88' lang='lat' dir='ltr'><strong>tuendam</strong></span> <span class='ocrx_word' id='word_1_377' title='bbox 1857 1443 2026 1538; x_wconf 89' lang='lat' dir='ltr'><strong>reipubli-</strong></span> 
     </span>
     <span class='ocr_line' id='line_1_61' title="bbox 1037 1539 2023 1639; baseline 0.006 -31"><span class='ocrx_word' id='word_1_378' title='bbox 1037 1561 1099 1609; x_wconf 88' lang='lat' dir='ltr'><strong>cae</strong></span> <span class='ocrx_word' id='word_1_379' title='bbox 1112 1539 1324 1616; x_wconf 89' lang='lat' dir='ltr'><strong>libertatem.</strong></span> <span class='ocrx_word' id='word_1_380' title='bbox 1375 1543 1572 1616; x_wconf 88' lang='lat' dir='ltr'><strong>Exordium</strong></span> <span class='ocrx_word' id='word_1_381' title='bbox 1591 1559 1642 1616; x_wconf 88' lang='lat' dir='ltr'><strong>est</strong></span> <span class='ocrx_word' id='word_1_382' title='bbox 1656 1559 1838 1639; x_wconf 88' lang='lat' dir='ltr'><strong>sumptum</strong></span> <span class='ocrx_word' id='word_1_383' title='bbox 1859 1571 1902 1616; x_wconf 86' lang='lat' dir='ltr'><strong>ex</strong></span> <span class='ocrx_word' id='word_1_384' title='bbox 1923 1569 2023 1615; x_wconf 90' lang='lat' dir='ltr'><strong>occa·</strong></span> 
     </span>
     <span class='ocr_line' id='line_1_62' title="bbox 1036 1641 2027 1741; baseline 0.001 -28"><span class='ocrx_word' id='word_1_385' title='bbox 1036 1641 1137 1713; x_wconf 87' lang='lat' dir='ltr'><strong>sione</strong></span> <span class='ocrx_word' id='word_1_386' title='bbox 1158 1643 1357 1716; x_wconf 89' lang='lat' dir='ltr'><strong>litterarum</strong></span> <span class='ocrx_word' id='word_1_387' title='bbox 1374 1647 1518 1732; x_wconf 90' lang='lat' dir='ltr'><strong>Planci,</strong></span> <span class='ocrx_word' id='word_1_388' title='bbox 1545 1671 1616 1741; x_wconf 81' lang='lat' dir='ltr'><strong>quo</strong></span> <span class='ocrx_word' id='word_1_389' title='bbox 1640 1649 1826 1740; x_wconf 88' lang='lat' dir='ltr'><strong>praedicat</strong></span> <span class='ocrx_word' id='word_1_390' title='bbox 1846 1647 1922 1719; x_wconf 88' lang='lat' dir='ltr'><strong>eius</strong></span> <span class='ocrx_word' id='word_1_391' title='bbox 1946 1644 2027 1716; x_wconf 92' lang='lat' dir='ltr'><strong>dili·</strong></span> 
     </span>
     <span class='ocr_line' id='line_1_63' title="bbox 1037 1745 2063 1842; baseline 0.002 -26"><span class='ocrx_word' id='word_1_392' title='bbox 1037 1745 1194 1837; x_wconf 87' lang='lat' dir='ltr'><strong>gentiam</strong></span> <span class='ocrx_word' id='word_1_393' title='bbox 1219 1759 1255 1817; x_wconf 91' lang='lat' dir='ltr'><strong>et</strong></span> <span class='ocrx_word' id='word_1_394' title='bbox 1274 1749 1432 1819; x_wconf 91' lang='lat' dir='ltr'><strong>studium</strong></span> <span class='ocrx_word' id='word_1_395' title='bbox 1453 1749 1629 1820; x_wconf 86' lang='lat' dir='ltr'><strong>iuvandae</strong></span> <span class='ocrx_word' id='word_1_396' title='bbox 1652 1749 1879 1842; x_wconf 89' lang='lat' dir='ltr'><strong>reipublicae.</strong></span> <span class='ocrx_word' id='word_1_397' title='bbox 1946 1749 2026 1820; x_wconf 90' lang='lat' dir='ltr'><strong>Est·</strong></span> <span class='ocrx_word' id='word_1_398' title='bbox 2054 1814 2063 1835; x_wconf 79' lang='grc'><strong><em>,</em></strong></span> 
     </span>
     <span class='ocr_line' id='line_1_64' title="bbox 1036 1849 2024 1944; baseline 0.005 -28"><span class='ocrx_word' id='word_1_399' title='bbox 1036 1870 1105 1942; x_wconf 89' lang='lat' dir='ltr'><strong>que</strong></span> <span class='ocrx_word' id='word_1_400' title='bbox 1127 1849 1270 1941; x_wconf 86' lang='lat' dir='ltr'><strong>elegans</strong></span> <span class='ocrx_word' id='word_1_401' title='bbox 1294 1849 1523 1942; x_wconf 87' lang='lat' dir='ltr'><strong>amplificatio</strong></span> <span class='ocrx_word' id='word_1_402' title='bbox 1555 1875 1575 1920; x_wconf 87' lang='lat' dir='ltr'><strong>a</strong></span> <span class='ocrx_word' id='word_1_403' title='bbox 1604 1853 1793 1922; x_wconf 89' lang='lat' dir='ltr'><strong>collatione</strong></span> <span class='ocrx_word' id='word_1_404' title='bbox 1826 1851 1959 1944; x_wconf 86' lang='lat' dir='ltr'><strong>privati</strong></span> <span class='ocrx_word' id='word_1_405' title='bbox 1988 1863 2024 1921; x_wconf 90' lang='lat' dir='ltr'><strong>et</strong></span> 
     </span>
     <span class='ocr_line' id='line_1_65' title="bbox 1035 1949 2024 2046; baseline 0.002 -26"><span class='ocrx_word' id='word_1_406' title='bbox 1035 1949 1167 2041; x_wconf 90' lang='lat' dir='ltr'><strong>publici</strong></span> <span class='ocrx_word' id='word_1_407' title='bbox 1177 1951 1305 2024; x_wconf 77' lang='lat' dir='ltr'><strong>officii.</strong></span> <span class='ocrx_word' id='word_1_408' title='bbox 1357 1951 1495 2023; x_wconf 91' lang='lat' dir='ltr'><strong>Deinde</strong></span> <span class='ocrx_word' id='word_1_409' title='bbox 1512 1965 1565 2024; x_wconf 89' lang='lat' dir='ltr'><strong>est</strong></span> <span class='ocrx_word' id='word_1_410' title='bbox 1580 1955 1778 2046; x_wconf 87' lang='lat' dir='ltr'><strong>propositio</strong></span> <span class='ocrx_word' id='word_1_411' title='bbox 1793 1950 2024 2036; x_wconf 88' lang='lat' dir='ltr'><strong>hortationis,</strong></span> 
     </span>
     <span class='ocr_line' id='line_1_66' title="bbox 1035 2051 2022 2150; baseline 0.002 -29"><span class='ocrx_word' id='word_1_412' title='bbox 1035 2075 1143 2145; x_wconf 89' lang='lat' dir='ltr'><strong>quarn</strong></span> <span class='ocrx_word' id='word_1_413' title='bbox 1160 2055 1348 2123; x_wconf 86' lang='lat' dir='ltr'><strong>confirmat</strong></span> <span class='ocrx_word' id='word_1_414' title='bbox 1361 2056 1481 2148; x_wconf 91' lang='lat' dir='ltr'><strong>primo</strong></span> <span class='ocrx_word' id='word_1_415' title='bbox 1498 2056 1543 2125; x_wconf 91' lang='lat' dir='ltr'><strong>ab</strong></span> <span class='ocrx_word' id='word_1_416' title='bbox 1558 2051 1731 2142; x_wconf 89' lang='lat' dir='ltr'><strong>honesto,</strong></span> <span class='ocrx_word' id='word_1_417' title='bbox 1756 2058 1854 2150; x_wconf 90' lang='lat' dir='ltr'><strong>quod</strong></span> <span class='ocrx_word' id='word_1_418' title='bbox 1869 2051 1960 2124; x_wconf 94' lang='lat' dir='ltr'><strong>nihil</strong></span> <span class='ocrx_word' id='word_1_419' title='bbox 1976 2055 2022 2126; x_wconf 87' lang='lat' dir='ltr'><strong>sit</strong></span> 
     </span>
     <span class='ocr_line' id='line_1_67' title="bbox 1034 2149 2022 2251; baseline 0.002 -29"><span class='ocrx_word' id='word_1_420' title='bbox 1034 2149 1235 2244; x_wconf 91' lang='lat' dir='ltr'><strong>pulchrius,</strong></span> <span class='ocrx_word' id='word_1_421' title='bbox 1262 2179 1371 2249; x_wconf 89' lang='lat' dir='ltr'><strong>quam</strong></span> <span class='ocrx_word' id='word_1_422' title='bbox 1389 2181 1495 2227; x_wconf 91' lang='lat' dir='ltr'><strong>omne</strong></span> <span class='ocrx_word' id='word_1_423' title='bbox 1519 2158 1675 2228; x_wconf 89' lang='lat' dir='ltr'><strong>studium</strong></span> <span class='ocrx_word' id='word_1_424' title='bbox 1700 2156 1738 2226; x_wconf 91' lang='lat' dir='ltr'><strong>in</strong></span> <span class='ocrx_word' id='word_1_425' title='bbox 1764 2157 2022 2251; x_wconf 90' lang='lat' dir='ltr'><strong>rempublicam</strong></span> 
     </span>
     <span class='ocr_line' id='line_1_68' title="bbox 1034 2257 2023 2352; baseline 0.003 -29"><span class='ocrx_word' id='word_1_426' title='bbox 1034 2257 1207 2328; x_wconf 85' lang='lat' dir='ltr'><strong>conferre.</strong></span> <span class='ocrx_word' id='word_1_427' title='bbox 1241 2257 1404 2330; x_wconf 91' lang='lat' dir='ltr'><strong>Secundo</strong></span> <span class='ocrx_word' id='word_1_428' title='bbox 1421 2261 1466 2329; x_wconf 90' lang='lat' dir='ltr'><strong>ab</strong></span> <span class='ocrx_word' id='word_1_429' title='bbox 1480 2259 1559 2330; x_wconf 88' lang='lat' dir='ltr'><strong>utili</strong></span> <span class='ocrx_word' id='word_1_430' title='bbox 1577 2283 1641 2352; x_wconf 92' lang='lat' dir='ltr'><strong>per</strong></span> <span class='ocrx_word' id='word_1_431' title='bbox 1657 2259 1897 2343; x_wconf 89' lang='lat' dir='ltr'><strong>collationem,</strong></span> <span class='ocrx_word' id='word_1_432' title='bbox 1925 2257 2023 2352; x_wconf 90' lang='lat' dir='ltr'><strong>quod</strong></span> 
     </span>
     <span class='ocr_line' id='line_1_69' title="bbox 1033 2355 2023 2432; baseline 0.002 -4"><span class='ocrx_word' id='word_1_433' title='bbox 1033 2381 1112 2428; x_wconf 91' lang='lat' dir='ltr'><strong>cum</strong></span> <span class='ocrx_word' id='word_1_434' title='bbox 1129 2359 1295 2429; x_wconf 80' lang='lat' dir='ltr'><strong>fortunae</strong></span> <span class='ocrx_word' id='word_1_435' title='bbox 1310 2360 1481 2432; x_wconf 85' lang='lat' dir='ltr'><strong>beneficio</strong></span> <span class='ocrx_word' id='word_1_436' title='bbox 1496 2355 1667 2432; x_wconf 90' lang='lat' dir='ltr'><strong>hactenus</strong></span> <span class='ocrx_word' id='word_1_437' title='bbox 1686 2360 1797 2430; x_wconf 89' lang='lat' dir='ltr'><strong>multa</strong></span> <span class='ocrx_word' id='word_1_438' title='bbox 1816 2372 2023 2431; x_wconf 77' lang='lat' dir='ltr'><strong>consecutus</strong></span> 
     </span>
     <span class='ocr_line' id='line_1_70' title="bbox 1033 2459 2024 2545; baseline -0.001 -15"><span class='ocrx_word' id='word_1_439' title='bbox 1033 2459 1091 2545; x_wconf 90' lang='lat' dir='ltr'><strong>sit,</strong></span> <span class='ocrx_word' id='word_1_440' title='bbox 1105 2485 1201 2532; x_wconf 90' lang='lat' dir='ltr'><strong>nunc</strong></span> <span class='ocrx_word' id='word_1_441' title='bbox 1216 2461 1323 2531; x_wconf 87' lang='lat' dir='ltr'><strong>etiarn</strong></span> <span class='ocrx_word' id='word_1_442' title='bbox 1340 2463 1471 2535; x_wconf 88' lang='lat' dir='ltr'><strong>virtute</strong></span> <span class='ocrx_word' id='word_1_443' title='bbox 1485 2465 1627 2534; x_wconf 89' lang='lat' dir='ltr'><strong>laudem</strong></span> <span class='ocrx_word' id='word_1_444' title='bbox 1641 2461 1772 2533; x_wconf 89' lang='lat' dir='ltr'><strong>mereri</strong></span> <span class='ocrx_word' id='word_1_445' title='bbox 1787 2462 1883 2532; x_wconf 89' lang='lat' dir='ltr'><strong>velit.</strong></span> <span class='ocrx_word' id='word_1_446' title='bbox 1933 2461 2024 2530; x_wconf 87' lang='lat' dir='ltr'><strong>&#39;Per-</strong></span> 
     </span>
     <span class='ocr_line' id='line_1_71' title="bbox 1033 2559 2020 2662; baseline 0 -31"><span class='ocrx_word' id='word_1_447' title='bbox 1033 2561 1084 2632; x_wconf 89' lang='lat' dir='ltr'><strong>tio</strong></span> <span class='ocrx_word' id='word_1_448' title='bbox 1117 2563 1162 2633; x_wconf 87' lang='lat' dir='ltr'><strong>ab</strong></span> <span class='ocrx_word' id='word_1_449' title='bbox 1193 2565 1355 2635; x_wconf 90' lang='lat' dir='ltr'><strong>omniurn</strong></span> <span class='ocrx_word' id='word_1_450' title='bbox 1382 2565 1637 2662; x_wconf 86' lang='lat' dir='ltr'><strong>expectatione.</strong></span> <span class='ocrx_word' id='word_1_451' title='bbox 1699 2563 1888 2635; x_wconf 86' lang='lat' dir='ltr'><strong>Conclusio</strong></span> <span class='ocrx_word' id='word_1_452' title='bbox 1911 2559 2020 2632; x_wconf 87' lang='lat' dir='ltr'><strong>habet</strong></span> 
     </span>
     <span class='ocr_line' id='line_1_72' title="bbox 1033 2664 2020 2763; baseline -0.001 -29"><span class='ocrx_word' id='word_1_453' title='bbox 1033 2665 1218 2752; x_wconf 87' lang='lat' dir='ltr'><strong>affectum,</strong></span> <span class='ocrx_word' id='word_1_454' title='bbox 1252 2692 1325 2763; x_wconf 90' lang='lat' dir='ltr'><strong>quo</strong></span> <span class='ocrx_word' id='word_1_455' title='bbox 1339 2679 1488 2742; x_wconf 88' lang='lat' dir='ltr'><strong>testatur</strong></span> <span class='ocrx_word' id='word_1_456' title='bbox 1502 2692 1604 2741; x_wconf 89' lang='lat' dir='ltr'><strong>suam</strong></span> <span class='ocrx_word' id='word_1_457' title='bbox 1618 2667 1842 2738; x_wconf 84' lang='lat' dir='ltr'><strong>voluntatem</strong></span> <span class='ocrx_word' id='word_1_458' title='bbox 1854 2664 1893 2736; x_wconf 90' lang='lat' dir='ltr'><strong>in</strong></span> <span class='ocrx_word' id='word_1_459' title='bbox 1908 2689 1950 2736; x_wconf 90' lang='lat' dir='ltr'><strong>eo</strong></span> <span class='ocrx_word' id='word_1_460' title='bbox 1967 2664 2020 2733; x_wconf 90' lang='lat' dir='ltr'><strong>in·</strong></span> 
     </span>
     <span class='ocr_line' id='line_1_73' title="bbox 1031 2769 1164 2841; baseline 0.023 -4"><span class='ocrx_word' id='word_1_461' title='bbox 1031 2769 1164 2841; x_wconf 86' lang='lat' dir='ltr'><strong>vando.</strong></span> 
     </span>
    </p>
   </div>
   <div class='ocr_carea' id='block_1_18' title="bbox 1276 2934 1777 3028">
    <p class='ocr_par' dir='ltr' id='par_1_21' title="bbox 1276 2934 1777 3028">
     <span class='ocr_line' id='line_1_74' title="bbox 1276 2934 1777 3028; baseline 0.006 -22"><span class='ocrx_word' id='word_1_462' title='bbox 1276 2934 1415 3008; x_wconf 83' lang='lat' dir='ltr'><strong>Aliud</strong></span> <span class='ocrx_word' id='word_1_463' title='bbox 1446 2950 1777 3028; x_wconf 84' lang='lat' dir='ltr'><strong>argumentum.</strong></span> 
     </span>
    </p>
   </div>
   <div class='ocr_carea' id='block_1_19' title="bbox 1031 3083 2022 3977">
    <p class='ocr_par' dir='ltr' id='par_1_22' title="bbox 1031 3083 2022 3977">
     <span class='ocr_line' id='line_1_75' title="bbox 1060 3083 2020 3182; baseline 0 -27"><span class='ocrx_word' id='word_1_464' title='bbox 1060 3173 1063 3180; x_wconf 90' lang='lat'><strong>.</strong></span> <span class='ocrx_word' id='word_1_465' title='bbox 1134 3084 1342 3179; x_wconf 86' lang='lat' dir='ltr'><strong>Respondet</strong></span> <span class='ocrx_word' id='word_1_466' title='bbox 1357 3089 1403 3158; x_wconf 93' lang='lat' dir='ltr'><strong>ad</strong></span> <span class='ocrx_word' id='word_1_467' title='bbox 1418 3089 1554 3160; x_wconf 90' lang='lat' dir='ltr'><strong>litteras</strong></span> <span class='ocrx_word' id='word_1_468' title='bbox 1570 3089 1715 3175; x_wconf 90' lang='lat' dir='ltr'><strong>Planci,</strong></span> <span class='ocrx_word' id='word_1_469' title='bbox 1741 3102 1777 3160; x_wconf 91' lang='lat' dir='ltr'><strong>et</strong></span> <span class='ocrx_word' id='word_1_470' title='bbox 1799 3087 1920 3182; x_wconf 91' lang='lat' dir='ltr'><strong>primo</strong></span> <span class='ocrx_word' id='word_1_471' title='bbox 1943 3083 2020 3156; x_wconf 91' lang='lat' dir='ltr'><strong>lau·</strong></span> 
     </span>
     <span class='ocr_line' id='line_1_76' title="bbox 1034 3187 2020 3285; baseline -0.003 -27"><span class='ocrx_word' id='word_1_472' title='bbox 1034 3189 1096 3258; x_wconf 88' lang='lat' dir='ltr'><strong>dat</strong></span> <span class='ocrx_word' id='word_1_473' title='bbox 1121 3189 1196 3260; x_wconf 89' lang='lat' dir='ltr'><strong>eius</strong></span> <span class='ocrx_word' id='word_1_474' title='bbox 1219 3189 1440 3281; x_wconf 91' lang='lat' dir='ltr'><strong>diligentiam</strong></span> <span class='ocrx_word' id='word_1_475' title='bbox 1463 3194 1501 3260; x_wconf 92' lang='lat' dir='ltr'><strong>in</strong></span> <span class='ocrx_word' id='word_1_476' title='bbox 1520 3193 1728 3278; x_wconf 88' lang='lat' dir='ltr'><strong>scribendo,</strong></span> <span class='ocrx_word' id='word_1_477' title='bbox 1754 3203 1876 3285; x_wconf 87' lang='lat' dir='ltr'><strong>postea</strong></span> <span class='ocrx_word' id='word_1_478' title='bbox 1900 3187 2020 3282; x_wconf 88' lang='lat' dir='ltr'><strong>priva·</strong></span> 
     </span>
     <span class='ocr_line' id='line_1_77' title="bbox 1033 3290 2022 3389; baseline -0.001 -30"><span class='ocrx_word' id='word_1_479' title='bbox 1033 3302 1109 3362; x_wconf 89' lang='lat' dir='ltr'><strong>turn</strong></span> <span class='ocrx_word' id='word_1_480' title='bbox 1127 3315 1168 3362; x_wconf 89' lang='lat' dir='ltr'><strong>ac</strong></span> <span class='ocrx_word' id='word_1_481' title='bbox 1183 3293 1363 3386; x_wconf 91' lang='lat' dir='ltr'><strong>publicum</strong></span> <span class='ocrx_word' id='word_1_482' title='bbox 1381 3292 1558 3379; x_wconf 84' lang='lat' dir='ltr'><strong>officium,</strong></span> <span class='ocrx_word' id='word_1_483' title='bbox 1585 3309 1706 3389; x_wconf 90' lang='lat' dir='ltr'><strong>estque</strong></span> <span class='ocrx_word' id='word_1_484' title='bbox 1728 3306 1877 3365; x_wconf 86' lang='lat' dir='ltr'><strong>venusta</strong></span> <span class='ocrx_word' id='word_1_485' title='bbox 1901 3290 1940 3360; x_wconf 93' lang='lat' dir='ltr'><strong>in</strong></span> <span class='ocrx_word' id='word_1_486' title='bbox 1963 3314 2022 3358; x_wconf 93' lang='lat' dir='ltr'><strong>ex·</strong></span> 
     </span>
     <span class='ocr_line' id='line_1_78' title="bbox 1034 3391 2022 3490; baseline -0.002 -27"><span class='ocrx_word' id='word_1_487' title='bbox 1034 3393 1138 3464; x_wconf 92' lang='lat' dir='ltr'><strong>ordio</strong></span> <span class='ocrx_word' id='word_1_488' title='bbox 1159 3395 1302 3466; x_wconf 87' lang='lat' dir='ltr'><strong>collatio</strong></span> <span class='ocrx_word' id='word_1_489' title='bbox 1325 3394 1459 3488; x_wconf 88' lang='lat' dir='ltr'><strong>publici</strong></span> <span class='ocrx_word' id='word_1_490' title='bbox 1483 3409 1517 3466; x_wconf 92' lang='lat' dir='ltr'><strong>et</strong></span> <span class='ocrx_word' id='word_1_491' title='bbox 1539 3397 1670 3490; x_wconf 91' lang='lat' dir='ltr'><strong>privati</strong></span> <span class='ocrx_word' id='word_1_492' title='bbox 1697 3397 1816 3468; x_wconf 86' lang='lat' dir='ltr'><strong>officii.</strong></span> <span class='ocrx_word' id='word_1_493' title='bbox 1866 3391 1952 3464; x_wconf 92' lang='lat' dir='ltr'><strong>Inde</strong></span> <span class='ocrx_word' id='word_1_494' title='bbox 1968 3415 2022 3461; x_wconf 90' lang='lat' dir='ltr'><strong>se-</strong></span> 
     </span>
     <span class='ocr_line' id='line_1_79' title="bbox 1034 3493 2021 3592; baseline -0.007 -25"><span class='ocrx_word' id='word_1_495' title='bbox 1034 3497 1156 3592; x_wconf 88' lang='lat' dir='ltr'><strong>quitur</strong></span> <span class='ocrx_word' id='word_1_496' title='bbox 1178 3493 1404 3583; x_wconf 91' lang='lat' dir='ltr'><strong>adhortatio,</strong></span> <span class='ocrx_word' id='word_1_497' title='bbox 1437 3499 1493 3568; x_wconf 93' lang='lat' dir='ltr'><strong>cui</strong></span> <span class='ocrx_word' id='word_1_498' title='bbox 1521 3499 1759 3570; x_wconf 87' lang='lat' dir='ltr'><strong>subiiciuntur</strong></span> <span class='ocrx_word' id='word_1_499' title='bbox 1788 3498 1945 3567; x_wconf 88' lang='lat' dir='ltr'><strong>rationes</strong></span> <span class='ocrx_word' id='word_1_500' title='bbox 1976 3493 2021 3561; x_wconf 87' lang='lat' dir='ltr'><strong>ab</strong></span> 
     </span>
     <span class='ocr_line' id='line_1_80' title="bbox 1033 3595 2019 3693; baseline -0.004 -25"><span class='ocrx_word' id='word_1_501' title='bbox 1033 3595 1204 3684; x_wconf 89' lang='lat' dir='ltr'><strong>honesto,</strong></span> <span class='ocrx_word' id='word_1_502' title='bbox 1231 3613 1267 3670; x_wconf 90' lang='lat' dir='ltr'><strong>et</strong></span> <span class='ocrx_word' id='word_1_503' title='bbox 1282 3599 1426 3670; x_wconf 89' lang='lat' dir='ltr'><strong>additur</strong></span> <span class='ocrx_word' id='word_1_504' title='bbox 1441 3597 1670 3693; x_wconf 87' lang='lat' dir='ltr'><strong>amplificatio</strong></span> <span class='ocrx_word' id='word_1_505' title='bbox 1685 3622 1750 3692; x_wconf 89' lang='lat' dir='ltr'><strong>per</strong></span> <span class='ocrx_word' id='word_1_506' title='bbox 1771 3597 2019 3668; x_wconf 88' lang='lat' dir='ltr'><strong>collationem:</strong></span> 
     </span>
     <span class='ocr_line' id='line_1_81' title="bbox 1032 3699 2019 3794; baseline -0.002 -24"><span class='ocrx_word' id='word_1_507' title='bbox 1032 3699 1103 3770; x_wconf 85' lang='lat' dir='ltr'><strong>lles</strong></span> <span class='ocrx_word' id='word_1_508' title='bbox 1136 3725 1285 3794; x_wconf 87' lang='lat' dir='ltr'><strong>magnas</strong></span> <span class='ocrx_word' id='word_1_509' title='bbox 1317 3705 1484 3773; x_wconf 83' lang='lat' dir='ltr'><strong>fortunae</strong></span> <span class='ocrx_word' id='word_1_510' title='bbox 1521 3701 1693 3770; x_wconf 82' lang='lat' dir='ltr'><strong>beneficio</strong></span> <span class='ocrx_word' id='word_1_511' title='bbox 1730 3710 1936 3771; x_wconf 88' lang='lat' dir='ltr'><strong>consecutus</strong></span> <span class='ocrx_word' id='word_1_512' title='bbox 1970 3720 2019 3768; x_wconf 88' lang='lat' dir='ltr'><strong>es.</strong></span> 
     </span>
     <span class='ocr_line' id='line_1_82' title="bbox 1031 3798 2019 3897; baseline -0.009 -21"><span class='ocrx_word' id='word_1_513' title='bbox 1031 3803 1136 3876; x_wconf 91' lang='lat' dir='ltr'><strong>Nunc</strong></span> <span class='ocrx_word' id='word_1_514' title='bbox 1162 3826 1308 3897; x_wconf 88' lang='lat' dir='ltr'><strong>operam</strong></span> <span class='ocrx_word' id='word_1_515' title='bbox 1335 3802 1456 3888; x_wconf 88' lang='lat' dir='ltr'><strong>dabis,</strong></span> <span class='ocrx_word' id='word_1_516' title='bbox 1495 3813 1597 3874; x_wconf 89' lang='lat' dir='ltr'><strong>utet</strong></span> <span class='ocrx_word' id='word_1_517' title='bbox 1623 3802 1883 3896; x_wconf 88' lang='lat' dir='ltr'><strong>pervirtutcm</strong></span> <span class='ocrx_word' id='word_1_518' title='bbox 1908 3798 2019 3868; x_wconf 83' lang='lat' dir='ltr'><strong>incla-</strong></span> 
     </span>
     <span class='ocr_line' id='line_1_83' title="bbox 1031 3929 1159 3977; baseline 0.008 -2"><span class='ocrx_word' id='word_1_519' title='bbox 1031 3929 1159 3977; x_wconf 87' lang='lat' dir='ltr'><strong>reseas.</strong></span> 
     </span>
    </p>
   </div>
   <div class='ocr_carea' id='block_1_20' title="bbox 1272 4070 1860 4166">
    <p class='ocr_par' dir='ltr' id='par_1_23' title="bbox 1272 4070 1860 4166">
     <span class='ocr_line' id='line_1_84' title="bbox 1272 4070 1860 4166; baseline 0.002 -24"><span class='ocrx_word' id='word_1_520' title='bbox 1272 4070 1409 4144; x_wconf 84' lang='lat' dir='ltr'><strong>Aliud</strong></span> <span class='ocrx_word' id='word_1_521' title='bbox 1437 4086 1767 4166; x_wconf 90' lang='lat' dir='ltr'><strong>argumentum.</strong></span> <span class='ocrx_word' id='word_1_522' title='bbox 1859 4097 1860 4105; x_wconf 54' lang='lat'>¹</span> 
     </span>
    </p>
   </div>
   <div class='ocr_carea' id='block_1_21' title="bbox 1025 4221 2033 5426">
    <p class='ocr_par' dir='ltr' id='par_1_24' title="bbox 1025 4221 2033 5426">
     <span class='ocr_line' id='line_1_85' title="bbox 1132 4221 2021 4319; baseline -0.008 -23"><span class='ocrx_word' id='word_1_523' title='bbox 1132 4224 1293 4319; x_wconf 86' lang='lat' dir='ltr'><strong>Epistola</strong></span> <span class='ocrx_word' id='word_1_524' title='bbox 1311 4238 1363 4298; x_wconf 91' lang='lat' dir='ltr'><strong>est</strong></span> <span class='ocrx_word' id='word_1_525' title='bbox 1376 4225 1615 4319; x_wconf 88' lang='lat' dir='ltr'><strong>responsoria.</strong></span> <span class='ocrx_word' id='word_1_526' title='bbox 1647 4221 1845 4295; x_wconf 89' lang='lat' dir='ltr'><strong>Exordium</strong></span> <span class='ocrx_word' id='word_1_527' title='bbox 1859 4232 1912 4293; x_wconf 88' lang='lat' dir='ltr'><strong>est</strong></span> <span class='ocrx_word' id='word_1_528' title='bbox 1925 4243 2021 4291; x_wconf 86' lang='lat' dir='ltr'><strong>sum·</strong></span> 
     </span>
     <span class='ocr_line' id='line_1_86' title="bbox 1030 4325 2033 4422; baseline -0.011 -25"><span class='ocrx_word' id='word_1_529' title='bbox 1030 4341 1132 4422; x_wconf 89' lang='lat' dir='ltr'><strong>ptum</strong></span> <span class='ocrx_word' id='word_1_530' title='bbox 1150 4356 1168 4398; x_wconf 87' lang='lat' dir='ltr'><strong>a</strong></span> <span class='ocrx_word' id='word_1_531' title='bbox 1183 4327 1450 4422; x_wconf 89' lang='lat' dir='ltr'><strong>praedicatione</strong></span> <span class='ocrx_word' id='word_1_532' title='bbox 1464 4329 1678 4413; x_wconf 90' lang='lat' dir='ltr'><strong>litterarum,</strong></span> <span class='ocrx_word' id='word_1_533' title='bbox 1704 4326 1762 4397; x_wconf 87' lang='lat' dir='ltr'><strong>cui</strong></span> <span class='ocrx_word' id='word_1_534' title='bbox 1777 4325 1921 4396; x_wconf 89' lang='lat' dir='ltr'><strong>additur</strong></span> <span class='ocrx_word' id='word_1_535' title='bbox 1935 4343 2033 4414; x_wconf 86' lang='lat' dir='ltr'><strong>par-.</strong></span> 
     </span>
     <span class='ocr_line' id='line_1_87' title="bbox 1031 4421 2020 4525; baseline -0.011 -23"><span class='ocrx_word' id='word_1_536' title='bbox 1031 4433 1132 4517; x_wconf 92' lang='lat' dir='ltr'><strong>titio,</strong></span> <span class='ocrx_word' id='word_1_537' title='bbox 1155 4431 1277 4525; x_wconf 88' lang='lat' dir='ltr'><strong>inqua</strong></span> <span class='ocrx_word' id='word_1_538' title='bbox 1298 4443 1542 4501; x_wconf 89' lang='lat' dir='ltr'><strong>commoratur</strong></span> <span class='ocrx_word' id='word_1_539' title='bbox 1553 4431 1597 4499; x_wconf 92' lang='lat' dir='ltr'><strong>de</strong></span> <span class='ocrx_word' id='word_1_540' title='bbox 1615 4428 1869 4502; x_wconf 89' lang='lat' dir='ltr'><strong>consuetudine</strong></span> <span class='ocrx_word' id='word_1_541' title='bbox 1885 4421 2020 4496; x_wconf 89' lang='lat' dir='ltr'><strong>scilicet</strong></span> 
     </span>
     <span class='ocr_line' id='line_1_88' title="bbox 1030 4523 2018 4627; baseline -0.009 -24"><span class='ocrx_word' id='word_1_542' title='bbox 1030 4535 1190 4627; x_wconf 88' lang='lat' dir='ltr'><strong>privata,</strong></span> <span class='ocrx_word' id='word_1_543' title='bbox 1231 4545 1267 4602; x_wconf 91' lang='lat' dir='ltr'><strong>et</strong></span> <span class='ocrx_word' id='word_1_544' title='bbox 1293 4532 1414 4604; x_wconf 90' lang='lat' dir='ltr'><strong>animo</strong></span> <span class='ocrx_word' id='word_1_545' title='bbox 1437 4556 1521 4624; x_wconf 87' lang='lat' dir='ltr'><strong>erga</strong></span> <span class='ocrx_word' id='word_1_546' title='bbox 1543 4533 1811 4626; x_wconf 89' lang='lat' dir='ltr'><strong>rempublicam.</strong></span> <span class='ocrx_word' id='word_1_547' title='bbox 1878 4523 2018 4596; x_wconf 88' lang='lat' dir='ltr'><strong>Deinde</strong></span> 
     </span>
     <span class='ocr_line' id='line_1_89' title="bbox 1029 4627 2020 4734; baseline -0.011 -27"><span class='ocrx_word' id='word_1_548' title='bbox 1029 4635 1190 4734; x_wconf 87' lang='lat' dir='ltr'><strong>sequitur</strong></span> <span class='ocrx_word' id='word_1_549' title='bbox 1212 4634 1412 4727; x_wconf 89' lang='lat' dir='ltr'><strong>propositio</strong></span> <span class='ocrx_word' id='word_1_550' title='bbox 1440 4635 1626 4706; x_wconf 88' lang='lat' dir='ltr'><strong>continens</strong></span> <span class='ocrx_word' id='word_1_551' title='bbox 1647 4633 1869 4727; x_wconf 88' lang='lat' dir='ltr'><strong>petitionem.</strong></span> <span class='ocrx_word' id='word_1_552' title='bbox 1928 4627 2020 4698; x_wconf 92' lang='lat' dir='ltr'><strong>Pro-</strong></span> 
     </span>
     <span class='ocr_line' id='line_1_90' title="bbox 1029 4731 2020 4831; baseline -0.011 -21"><span class='ocrx_word' id='word_1_553' title='bbox 1029 4738 1200 4831; x_wconf 88' lang='lat' dir='ltr'><strong>positioni</strong></span> <span class='ocrx_word' id='word_1_554' title='bbox 1219 4737 1362 4806; x_wconf 90' lang='lat' dir='ltr'><strong>additae</strong></span> <span class='ocrx_word' id='word_1_555' title='bbox 1384 4748 1468 4809; x_wconf 85' lang='lat' dir='ltr'><strong>sunt</strong></span> <span class='ocrx_word' id='word_1_556' title='bbox 1492 4739 1585 4808; x_wconf 89' lang='lat' dir='ltr'><strong>duae</strong></span> <span class='ocrx_word' id='word_1_557' title='bbox 1609 4735 1777 4806; x_wconf 88' lang='lat' dir='ltr'><strong>rationes.</strong></span> <span class='ocrx_word' id='word_1_558' title='bbox 1816 4731 1941 4801; x_wconf 82' lang='lat' dir='ltr'><strong>Altera</strong></span> <span class='ocrx_word' id='word_1_559' title='bbox 1961 4754 2020 4800; x_wconf 88' lang='lat' dir='ltr'><strong>su·</strong></span> 
     </span>
     <span class='ocr_line' id='line_1_91' title="bbox 1028 4833 2018 4912; baseline -0.01 -2"><span class='ocrx_word' id='word_1_560' title='bbox 1028 4841 1139 4912; x_wconf 88' lang='lat' dir='ltr'><strong>mitur</strong></span> <span class='ocrx_word' id='word_1_561' title='bbox 1165 4864 1208 4910; x_wconf 83' lang='lat' dir='ltr'><strong>ex</strong></span> <span class='ocrx_word' id='word_1_562' title='bbox 1234 4833 1399 4911; x_wconf 87' lang='lat' dir='ltr'><strong>honesto.</strong></span> <span class='ocrx_word' id='word_1_563' title='bbox 1456 4837 1579 4910; x_wconf 82' lang='lat' dir='ltr'><strong>Altera</strong></span> <span class='ocrx_word' id='word_1_564' title='bbox 1601 4837 1761 4908; x_wconf 88' lang='lat' dir='ltr'><strong>continet</strong></span> <span class='ocrx_word' id='word_1_565' title='bbox 1787 4833 2018 4906; x_wconf 89' lang='lat' dir='ltr'><strong>collationem</strong></span> 
     </span>
     <span class='ocr_line' id='line_1_92' title="bbox 1028 4929 2020 5036; baseline -0.013 -21"><span class='ocrx_word' id='word_1_566' title='bbox 1028 4967 1152 5014; x_wconf 82' lang='lat' dir='ltr'><strong>aarum</strong></span> <span class='ocrx_word' id='word_1_567' title='bbox 1173 4963 1316 5026; x_wconf 87' lang='lat' dir='ltr'><strong>rernm,</strong></span> <span class='ocrx_word' id='word_1_568' title='bbox 1349 4962 1438 5036; x_wconf 83' lang='lat' dir='ltr'><strong>quas</strong></span> <span class='ocrx_word' id='word_1_569' title='bbox 1459 4929 1605 5028; x_wconf 73' lang='lat' dir='ltr'><strong>fortuna</strong></span> <span class='ocrx_word' id='word_1_570' title='bbox 1626 4941 1715 5012; x_wconf 89' lang='lat' dir='ltr'><strong>duce</strong></span> <span class='ocrx_word' id='word_1_571' title='bbox 1739 4935 1912 5012; x_wconf 90' lang='lat' dir='ltr'><strong>hactenus</strong></span> <span class='ocrx_word' id='word_1_572' title='bbox 1933 4953 2020 5003; x_wconf 86' lang='lat' dir='ltr'><strong>cou-</strong></span> 
     </span>
     <span class='ocr_line' id='line_1_93' title="bbox 1026 5031 2019 5139; baseline -0.017 -23"><span class='ocrx_word' id='word_1_573' title='bbox 1026 5057 1165 5116; x_wconf 85' lang='lat' dir='ltr'><strong>secutus</strong></span> <span class='ocrx_word' id='word_1_574' title='bbox 1178 5043 1236 5127; x_wconf 91' lang='lat' dir='ltr'><strong>sit,</strong></span> <span class='ocrx_word' id='word_1_575' title='bbox 1262 5055 1297 5112; x_wconf 90' lang='lat' dir='ltr'><strong>et</strong></span> <span class='ocrx_word' id='word_1_576' title='bbox 1311 5067 1402 5138; x_wconf 87' lang='lat' dir='ltr'><strong>quae</strong></span> <span class='ocrx_word' id='word_1_577' title='bbox 1415 5056 1692 5139; x_wconf 85' lang='lat' dir='ltr'><strong>consequeretur</strong></span> <span class='ocrx_word' id='word_1_578' title='bbox 1704 5043 1835 5112; x_wconf 86' lang='lat' dir='ltr'><strong>virtute</strong></span> <span class='ocrx_word' id='word_1_579' title='bbox 1848 5039 1888 5107; x_wconf 92' lang='lat' dir='ltr'><strong>in</strong></span> <span class='ocrx_word' id='word_1_580' title='bbox 1904 5031 2019 5104; x_wconf 90' lang='lat' dir='ltr'><strong>adrni-</strong></span> 
     </span>
     <span class='ocr_line' id='line_1_94' title="bbox 1026 5133 2017 5237; baseline -0.014 -20"><span class='ocrx_word' id='word_1_581' title='bbox 1026 5147 1209 5217; x_wconf 90' lang='lat' dir='ltr'><strong>nistranda</strong></span> <span class='ocrx_word' id='word_1_582' title='bbox 1232 5143 1427 5237; x_wconf 81' lang='lat' dir='ltr'><strong>republica.</strong></span> <span class='ocrx_word' id='word_1_583' title='bbox 1483 5143 1526 5216; x_wconf 91' lang='lat' dir='ltr'><strong>ln</strong></span> <span class='ocrx_word' id='word_1_584' title='bbox 1545 5147 1617 5218; x_wconf 84' lang='lat' dir='ltr'><strong>line</strong></span> <span class='ocrx_word' id='word_1_585' title='bbox 1641 5144 1785 5217; x_wconf 88' lang='lat' dir='ltr'><strong>additur</strong></span> <span class='ocrx_word' id='word_1_586' title='bbox 1806 5133 2017 5232; x_wconf 83' lang='lat' dir='ltr'><strong>significatio</strong></span> 
     </span>
     <span class='ocr_line' id='line_1_95' title="bbox 1026 5233 2019 5338; baseline -0.01 -20"><span class='ocrx_word' id='word_1_587' title='bbox 1026 5247 1101 5318; x_wconf 91' lang='lat' dir='ltr'><strong>odii</strong></span> <span class='ocrx_word' id='word_1_588' title='bbox 1124 5272 1165 5318; x_wconf 94' lang='lat' dir='ltr'><strong>ac</strong></span> <span class='ocrx_word' id='word_1_589' title='bbox 1188 5246 1355 5318; x_wconf 88' lang='lat' dir='ltr'><strong>desiderii</strong></span> <span class='ocrx_word' id='word_1_590' title='bbox 1386 5247 1549 5320; x_wconf 90' lang='lat' dir='ltr'><strong>omniurn</strong></span> <span class='ocrx_word' id='word_1_591' title='bbox 1568 5249 1750 5320; x_wconf 90' lang='lat' dir='ltr'><strong>bonorum</strong></span> <span class='ocrx_word' id='word_1_592' title='bbox 1775 5241 1928 5338; x_wconf 77' lang='lat' dir='ltr'><strong>civium,</strong></span> <span class='ocrx_word' id='word_1_593' title='bbox 1960 5233 2019 5308; x_wconf 87' lang='lat' dir='ltr'><strong>cui</strong></span> 
     </span>
     <span class='ocr_line' id='line_1_96' title="bbox 1025 5345 1562 5426; baseline 0.007 -4"><span class='ocrx_word' id='word_1_594' title='bbox 1025 5351 1146 5423; x_wconf 88' lang='lat' dir='ltr'><strong>addita</strong></span> <span class='ocrx_word' id='word_1_595' title='bbox 1168 5363 1222 5424; x_wconf 87' lang='lat' dir='ltr'><strong>est</strong></span> <span class='ocrx_word' id='word_1_596' title='bbox 1237 5345 1562 5426; x_wconf 86' lang='lat' dir='ltr'><strong>adhortatiuncula.</strong></span> 
     </span>
    </p>
   </div>
   <div class='ocr_carea' id='block_1_22' title="bbox 0 0 2296 5796">
    <p class='ocr_par' dir='ltr' id='par_1_25' title="bbox 0 0 2296 5796">
     <span class='ocr_line' id='line_1_97' title="bbox 0 0 2296 5796; baseline 0 3"><span class='ocrx_word' id='word_1_597' title='bbox 0 0 2296 5796; x_wconf 95' lang='lat' dir='ltr'><strong> </strong></span> 
     </span>
    </p>
   </div>
  </div>
 </body>
</html>
