4584 5796
234 173 312 254 aie

234 339 415 427 lumuius,
439 339 470 412 si
483 340 602 436 eliqua
619 340 737 412 iocosa
751 339 901 435 dicta”)
924 338 1072 410 nomine
1088 337 1230 410 Cicero

230 446 293 521 nis
307 443 529 517 circumferri
544 445 687 527 audiat,
714 465 805 538 quae
829 443 948 514 minus
972 455 1055 514 sunt
1078 441 1231 525 erudita,

238 561 362 622 contra
383 548 513 639 probet
537 571 612 617 non
633 569 706 616 esse
724 545 918 618 Ciceronis.
977 545 1107 616 Postea
1131 542 1231 614 addit

238 651 307 724 sibi
328 645 556 722 vehementer
570 648 618 745 ⁸⁰)
638 648 677 717 in
698 650 856 743 quodam
880 647 1026 718 tribuno
1047 669 1232 716 commum

239 753 376 838 amico,
401 752 501 823 cuius
515 773 648 822 nomen
665 752 709 820 de
725 749 900 822 industria
916 762 1026 834 tacet,
1053 749 1230 844 quaedam

230 855 390 928 ridicula
406 855 499 925 dicta
516 854 727 946 improbari,
752 859 944 947 propterea
962 853 1061 948 quod
1075 851 1138 921 tali
1150 874 1231 943 per-

240 982 349 1032 sonae
365 957 513 1028 minime
529 954 809 1051 conveniant⁸¹).
860 955 1032 1049 Epilogus
1045 951 1155 1025 habet
1169 954 1231 1023 ad·

239 1057 504 1143 hortationem,
538 1071 580 1129 ut
600 1059 733 1128 scribat
756 1060 915 1152 saepius,
950 1084 991 1128 ac
1006 1057 1230 1127 Dolabellam

239 1163 425 1232 confirmet
439 1162 479 1230 in
498 1160 667 1231 amicitia.

486 1311 622 1384 Aliud
650 1328 975 1407 argumentum.

341 1451 454 1522 Valde
471 1451 610 1523 erudita
625 1464 661 1522 et
675 1452 815 1543 elegans
833 1462 885 1522 est
901 1449 1050 1542 epistola
1068 1448 1113 1516 de
1129 1445 1231 1516 dictis

240 1570 276 1626 et
291 1555 429 1627 facetiis
443 1555 516 1626 sive
531 1553 640 1638 iocis,
665 1555 795 1648 quibus
819 1578 923 1646 saepe
946 1577 1030 1624 usus
1051 1551 1159 1621 luerit
1173 1547 1232 1618 Cr-

241 1683 342 1743 cero‚
368 1670 509 1749 sumpta
527 1656 713 1727 occasione
730 1681 772 1727 ex
789 1657 924 1727 facetiis
941 1655 1115 1737 aliorum,
1142 1674 1231 1746 quas

239 1864 336 1934 nime
359 1885 550 1954 agnoscere
570 1861 657 1934 vult.
724 1859 808 1932 ideo
838 1873 962 1930 monet
983 1855 1231 1939 Volumnium,

239 1966 331 2038 utin
346 1963 546 2036 iudicandis
562 1976 598 2034 et
617 1964 858 2036 discernendis
881 1963 984 2034 dictis
1008 1985 1044 2034 se
1060 1958 1231 2053 praebeat

239 2067 460 2158 diligentem.
515 2065 714 2138 Exordium
739 2079 879 2139 constat
900 2064 1003 2136 brevi
1022 2062 1230 2134 laudatione
1302 2118 1311 2134 .

238 2169 440 2242 festivitatis
461 2169 662 2240 litterarum
677 2169 877 2240 Volumnii.
928 2167 1097 2240 Narratio
1122 2161 1232 2235 habet

237 2268 553 2366 reprehensionem
578 2272 723 2342 illorum
746 2273 945 2354 dictorum,
980 2293 1071 2365 quae
1092 2269 1229 2339 nullam

239 2375 412 2468 gratiam,
438 2398 555 2470 neque
571 2377 792 2466 voluptatem
810 2369 963 2458 habent,
990 2371 1121 2442 additis
1141 2369 1231 2442 locis

238 2501 385 2551 suorum
408 2477 607 2562 dictorum,
634 2478 763 2572 quibus
785 2478 861 2569 ipse
883 2476 937 2548 uti
959 2477 1083 2546 soleat.
1141 2472 1229 2543 Item

238 2581 360 2650 addita
378 2579 624 2649 admonitione
638 2603 701 2650 scu
716 2579 908 2672 petitione,
941 2591 982 2649 ut
996 2578 1111 2660 dicta,
1137 2600 1230 2672 quae
1309 2669 1314 2674 η

239 2683 537 2752 circumferuntur
559 2682 707 2752 nomine
730 2682 930 2764 Ciceronis,
970 2704 1036 2750 nec
1065 2692 1149 2750 sunt
1177 2691 1231 2746 ta-

237 2809 342 2868 men,
367 2784 406 2852 in
428 2797 544 2854 totum
566 2783 760 2882 reliciat'fl)
784 2796 818 2854 et
839 2786 1006 2866 damnet,
1040 2783 1230 2854 ostendens

238 2887 448 2960 Ciceronem
466 2909 541 2956 non
558 2911 631 2958 esse
647 2901 823 2960 autorem.
856 2888 995 2958 Deinde
1012 2885 1112 2956 addit
1127 2909 1228 2956 suam

237 2990 449 3063 sententiam
484 2991 528 3060 de
564 2989 722 3062 Curione
737 2991 784 3082 ⁸⁸)
828 2993 958 3083 adepto
993 2989 1230 3071 tribunatum,

238 3095 337 3187 quod
352 3092 390 3160 in
408 3117 451 3160 eo
468 3093 547 3184 plus
564 3093 750 3183 gravitatis
773 3094 962 3165 desideret.
1019 3090 1061 3161 ln
1083 3093 1154 3161 fine
1177 3102 1231 3162 est

238 3190 443 3264 adhortatio
453 3197 511 3264 ad
535 3195 781 3280 scribendum,
824 3209 861 3266 et
882 3209 923 3266 ut
941 3195 1167 3265 Dolabellam
1190 3193 1230 3266 in

238 3293 393 3366 amicitia
411 3297 608 3368 confirmet.

480 3453 619 3526 aliud
655 3467 985 3548 argumentum.

337 3591 535 3665 Exordium
553 3615 574 3662 a
594 3616 722 3684 genere
744 3592 965 3676 litterarum,
996 3613 1084 3684 quas
1109 3613 1151 3660 ex
1169 3613 1230 3660 ur-

236 3699 395 3772 banitate
419 3709 591 3792 tanquam
616 3709 711 3767 certa
745 3698 900 3792 quadam
934 3707 1020 3764 nota
1042 3692 1229 3764 Volumnii

237 3827 311 3875 esse
332 3800 513 3891 cognovit.
578 3799 746 3895 Sequitur
768 3798 1058 3883 narratiuncula,
1099 3797 1137 3868 in
1158 3823 1227 3892 qua

234 3904 402 4000 exponit,
429 3902 516 3997 quid
532 3902 709 3972 desideret
721 3898 837 3973 adhuc
853 3903 891 3970 in
905 3900 1113 3972 Volumnio.
1158 3900 1229 3972 De·

234 4011 320 4080 inde
344 4005 489 4078 addit'ur
510 3999 738 4088 adhortatio,
777 4016 819 4075 ut
851 4004 972 4074 omnia
996 4005 1107 4074 facete
1134 4004 1227 4073 dicta

237 4111 419 4184 Ciceronis
433 4109 600 4180 defendat
616 4107 825 4193 subiiciens,
851 4131 943 4204 quae
965 4107 1057 4176 dicta
1081 4108 1228 4200 proprie

235 4215 308 4287 sint
328 4236 406 4285 sua.
455 4209 711 4283 Adhortationi
733 4211 890 4283 subiecta
916 4223 969 4282 est
989 4211 1229 4280 consolatiun-

235 4317 335 4402 cula,
359 4339 396 4390 se
410 4314 503 4385 serio
520 4315 677 4386 tribuere
692 4313 888 4385 Volumnio
905 4313 1119 4404 singularem
1135 4315 1228 4384 face-

236 4421 335 4492 tiam.
384 4416 496 4490 Addit
509 4419 553 4486 de
567 4441 630 4487 sua
655 4420 839 4490 voluntate
863 4441 946 4509 erga
974 4415 1149 4500 amicum,
1184 4420 1228 4487 de

236 4548 309 4618 quo
332 4521 525 4614 scripserat
542 4519 770 4593 Volumnius.
837 4519 1010 4615 Epilogus
1033 4515 1143 4590 habet
1166 4523 1228 4589 ad-

235 4621 501 4708 hortationem,
527 4636 568 4695 ut
584 4623 724 4716 saepius
739 4625 883 4695 scribat.

272 4857 321 4918 79)
340 4853 428 4918 dicta]
446 4859 496 4913 Ed.
516 4858 591 4912 1569.
610 4871 710 4912 errore
727 4862 858 4926 typogm
883 4857 963 4912 elota.

271 4943 321 5001 80)
340 4941 530 5002 vehementer]
549 4942 599 4995 lid.
619 4944 695 4993 1569.
713 4945 858 5006 corrupta:
883 4942 1073 4992 unhnneuter.

269 5030 321 5088 81)
338 5025 519 5088 conveniant]
545 5025 586 5080 sio
607 5031 685 5079 recte
708 5029 758 5080 Ed.
778 5029 877 5090 idom
911 5025 995 5076 solu.
1015 5025 1108 5090 rasa,
1141 5025 1229 5088 tm,

305 5097 381 5150 1592.
398 5096 555 5148 convertat.

268 5181 317 5247 82)
336 5179 623 5243 reiterandum.
642 5189 741 5232 errore
758 5183 887 5245 typogre
914 5177 1038 5233 reticeat.

268 5264 318 5327 88)
336 5269 473 5330 Curione]
492 5267 534 5319 sio
550 5267 599 5319 lla.
620 5265 713 5328 laios
746 5267 830 5318 uuirt.
847 5265 939 5330 iliud,
959 5261 1151 5330 1569.,ξ1592.
1170 5265 1227 5315 Cu·

302 5337 355 5389 rio.
373 5361 408 5375 -
449 5339 491 5388 De
514 5337 563 5386 llio
583 5333 613 5386 G.
632 5333 776 5386 Scribonio
795 5335 827 5385 c.
845 5333 1004 5386 titutione
1028 5333 1100 5385 conl.
1126 5330 1228 5384 (trellli

303 5408 330 5454 et
348 5405 450 5457 ltaiteri
469 5405 610 5457 onomast.
629 5403 748 5456 'lolliam
768 5401 798 5456 P.
810 5402 844 5454 li.
861 5415 887 5465 p.
900 5399 1059 5452 aea-aaa.

808 165 932 242 Pali..
965 163 1080 240 Mal.
1113 161 1316 242 SCRMA
1345 165 1686 244 molossici.

1493 341 1634 414 aliud
1666 339 2055 438 argumentanti).

1384 473 1481 547 Haec
1512 478 1662 572 epistola
1692 490 1745 550 est
1768 477 1808 548 in
1830 499 1958 570 genere
1981 476 2099 549 iocoso
2121 484 2237 576 scripta,

1220 644 1229 660 .
1282 575 1321 644 in
1336 600 1406 670 qua
1420 581 1512 671 petit
1531 605 1552 650 a
1568 579 1785 666 Vohrmnio,
1816 593 1858 652 ut
1880 581 2238 658 defendatliomaeur·
2270 607 2271 694 q

1281 680 1498 767 benitatem,
1525 697 1561 756 et
1574 708 1651 754 nou
1674 685 1770 756 sinat
1791 683 1886 754 iuter
1906 684 2051 754 facetias
2070 687 2183 756 relerri
2199 690 2238 758 in·
2270 703 2271 718 ¹

1281 782 1388 854 sulsa.
1421 785 1610 858 Postremo
1626 787 1819 880 respondet
1831 788 1878 858 ad
1895 787 2079 880 epistolam
2097 789 2239 861 eiusseri·

1282 897 1381 976 ptam
1397 886 1581 960 decadem
1597 915 1648 962 re.
1694 889 1892 960 Exordium
1908 889 2094 981 epistolare
2111 893 2153 962 ab
2165 917 2241 962 occa·
2271 931 2272 1018 q

1282 987 1402 1072 sione,
1424 985 1493 1060 hoc
1508 1005 1580 1090 est,
1606 994 1652 1064 ab
1664 991 1769 1064 initio
1787 991 1898 1086 ipsius
1915 991 2094 1085 epistolae.

1529 1161 1666 1236 Aliud
1701 1175 2032 1254 argumentum.

1383 1293 1445 1365 illa
1470 1295 1620 1389 epistola
1642 1310 1695 1369 est
1717 1299 1903 1368 reserenda
1927 1297 1973 1366 ad
1995 1319 2102 1388 genus
2123 1297 2241 1366 mmor·

1283 1397 1493 1484 strativum,
1533 1400 1607 1471 sive
1637 1400 1827 1471 familiare.
1886 1399 1974 1470 Eius
1997 1413 2113 1470 autem
2134 1399 2240 1468 utilitas

1205 1548 1213 1564 .
1285 1510 1353 1582 est,
1386 1501 1567 1593 primum,
1600 1507 1698 1598 quod
1715 1503 1853 1574 nonsit
1874 1501 2029 1572 cuiusvis
2052 1514 2188 1572 naturae
2206 1503 2240 1568 el-

1283 1603 1415 1694 fingere
1430 1603 1546 1690 iocos,
1573 1607 1633 1676 sed
1651 1607 1857 1702 requiratur
1876 1606 1920 1674 ad
1935 1601 2005 1674 hoc
2020 1605 2185 1696 singvdare
2202 1603 2241 1670 in·
2272 1611 2273 1642 ¹

239 1773 389 1855 propter
403 1759 659 1831 absurditatem
676 1772 712 1828 et
725 1759 960 1830 insulsitatem
982 1781 1050 1849 pro
1072 1754 1145 1826 suis
1164 1753 1231 1822 mi·
1283 1729 1440 1825 ἔφη
1491 1708 1631 1779 Deinde
1648 1722 1701 1828 esi
1716 1711 1816 1781 l⁰c¹¹⁵
1837 1707 2059 1792 ⁰⁰mmuni⁸’
2076 1708 2178 1827 .q¹i⁰d
2193 1699 2241 1772 Μ’

1284 1833 1398 1879 mines
1429 1811 1542 1882 sohde
1577 1812 1674 1881 doctr
1710 1836 1851 1904 semper
1889 1807 2046 1882 habeant
2076 1820 2238 1878 imitatores

1282 1913 1466 2003 pessimos.
1503 1913 1619 1985 Breve
1637 1927 1690 1985 est
1706 1927 1825 1986 autem
1842 1915 2050 1996 exordium,
2076 1913 2164 2008 quod
2179 1933 2239 1978 cor·
2273 1910 2274 1980 i

1282 2028 1373 2084 tanet
1387 2017 1735 2089 commendationem
1752 2017 1938 2092 suavitatis
1953 2018 2157 2088 litterarum.
2182 2009 2238 2101 Ego
2273 1991 2274 2078 Ῐ

1283 2115 1435 2216 (inquit)
1451 2121 1571 2190 statim
1597 2121 1750 2213 cognovi
1773 2116 1866 2192 hanc
1888 2119 2075 2213 epistolam
2095 2139 2164 2188 esse
2182 2138 2198 2183 a
2215 2125 2238 2180 ie

1282 2220 1471 2312 scriptam,
1509 2249 1730 2319 quamquam
1752 2237 1853 2295 tuum
1875 2245 2096 2316 praenomen
2115 2241 2180 2289 non
2196 2217 2239 2284 ad-

1282 2322 1498 2421 uenam).
2274 2398 2275 2460 Ν

1332 2528 1657 2621 Argumentum
1690 2541 1733 2597 et
1765 2523 1939 2598 scholia
1975 2529 2020 2597 in
2053 2527 2204 2619 episto·

1601 2631 1689 2699 lam
1723 2628 1949 2728 xxxiv).

1383 2781 1572 2878 Brevestt)
1597 2782 1862 2874 propositiones
1885 2783 2046 2880 sunt⁸⁷),
2084 2781 2239 2876 inquibus

1281 2910 1353 2958 una
1377 2899 1429 2956 est
1452 2885 1685 2978 amplificata,
1725 2885 1763 2955 in
1787 2907 1858 2982 qua
1888 2899 2059 2956 extenuat
2077 2910 2168 2958 suam
2189 2883 2240 2951 elo·
2275 2888 2276 2978 l

1282 2990 1487 3086 quantiam,
1528 3001 1669 3081 sumpta
1698 2990 1838 3059 ratione
1869 2990 1915 3058 ab
1938 2989 2111 3060 iniustitia
2135 3001 2240 3076 tempe
2275 2987 2276 3026 ³

1281 3119 1375 3166 rum.
1427 3092 1634 3187 Sequuntur
1648 3107 1683 3162 et
1697 3093 1787 3162 aliae
1805 3094 1983 3188 quaedam
1998 3092 2159 3162 rationes.
2195 3085 2239 3156 list

1282 3209 1401 3269 autem
1425 3195 1673 3266 venustissima
1701 3196 1828 3266 allusio
1860 3197 2104 3292 eloquentiae,
2139 3205 2170 3262 et
2195 3187 2239 3258 tn'·

1281 3300 1389 3373 stium
1420 3309 1626 3390 temporum
1664 3302 1709 3368 ad
1743 3299 1812 3370 tela
1837 3299 2002 3372 Herculis
2032 3311 2067 3372 et
2093 3292 2239 3368 Philocte-

1282 3400 1410 3500 ten⁸⁸).
1470 3401 1517 3474 Et
1537 3397 1596 3470 hic
1616 3415 1787 3493 apparet,
1820 3418 1998 3498 quantum
2023 3391 2237 3484 venusiensi)

1282 3506 1380 3578 sitin
1395 3505 1639 3576 allusionibus.
1691 3504 1755 3578 Est
1772 3519 1891 3578 autem
1910 3503 1999 3576 haec
2017 3505 2156 3598 epistola
2175 3495 2238 3570 scri·

1315 3783 1442 3904 8⁴dele
1464 3779 1656 3901 p'pgumentnm
1681 3777 1710 3830 et
1734 3788 1852 3842 septiens
1884 3777 1921 3826 alr
1945 3774 2032 3828 situ.
2062 3763 2238 3824 raas-lat

1431 3864 1464 3902 en
1496 3863 1519 3902 r.

1316 3939 1385 4001 esu
1402 3935 1546 3998 mutanti]
1563 3935 1649 3986 nostr.
1665 3933 1759 3998 issa,
1779 3932 1872 3998 Μ,
1893 3931 1967 3985 sese.
1987 3929 2097 3984 manti.

1316 4027 1366 4087 aa)
1384 4025 1532 4084 xxxiv]
1549 4023 1591 4074 ne
1608 4021 1692 4074 siret.
1712 4017 1837 4083 (issa),
1857 4019 1949 4085 um,
1970 4019 2063 4082 assa,
2082 4005 2239 4064 issa-ias

1353 4095 1452 4162 (saite.
1472 4093 1564 4157 ress,
1584 4091 1677 4153 isso„
1697 4089 1789 4140 mou:
1816 4085 1904 4148 aaa„
1932 4088 1984 4142 uo.
2004 4087 2088 4138 oren.
2105 4077 2214 4132 xxxiii.

1314 4183 1363 4240 86)
1382 4179 1452 4232 iiuio
1467 4178 1530 4228 voci
1542 4177 1571 4228 iu
1583 4174 1667 4226 istiu.
1678 4173 1764 4230 154⁰..
1778 4173 1865 4235 lota,
1880 4173 1965 4233 liat,
1982 4171 2058 4223 last.
2073 4167 2183 4232 praelixa
2192 4159 2240 4210 sart

1351 4249 1408 4303 Cio.
1427 4249 1512 4298 verba
1529 4241 1571 4311 (ς.
1586 4247 1641 4302 ll:
1667 4244 1751 4306 Quod
1767 4243 2031 4294 declamationibus
2047 4239 2161 4292 uostris.

1314 4334 1363 4394 87)
1381 4335 1487 4383 iireves
1504 4326 1708 4392 propositiones
1722 4325 1801 4384 sunt]
1817 4324 1858 4374 sic
1869 4325 1953 4378 Editt.
1969 4323 2057 4386 issa,
2076 4319 2155 4380 tota,
2173 4309 2240 4374 liti,

1351 4399 1548 4464 saco.,1sor.;
1567 4395 1755 4458 salttum,
1774 4397 1861 4458 issa,
1880 4395 1966 4458 rosa,
1987 4390 2062 4443 lsai.
2079 4389 2174 4439 areves
2188 4387 2239 4444 pe

1349 4471 1503 4536 positiones
1528 4467 1589 4516 siva
1619 4464 1806 4528 expositiones
1835 4465 1917 4526 suut3
1951 4461 2036 4512 satit.
2058 4459 2146 4522 iiiia,
2173 4446 2240 4508 liii-s

1352 4539 1427 4590 1592.
1445 4540 1550 4588 Breves
1568 4535 1772 4599 propositiones
1790 4533 1870 4596 sunt,
1888 4530 1948 4580 sive
1966 4526 2153 4594 expositiones.

1315 4628 1364 4686 88)
1383 4625 1569 4683 Philocteteo]
1593 4621 1643 4670 lla
1663 4619 1738 4670 tosa
1762 4630 1860 4668 errore
1877 4620 2007 4679 ippone:
2037 4609 2199 4664 Philotecter.
2214 4623 2238 4636 -

1351 4694 1535 4753 Philoctetes,
1559 4689 1691 4740 Poeantis
1710 4690 1738 4738 et
1754 4687 1944 4738 Demonassae
1961 4683 2051 4748 lilius,
2074 4681 2115 4732 cui
2131 4669 2238 4728 Hercvles

1351 4763 1474 4816 moriens
1492 4761 1611 4826 sagittas
1631 4756 1759 4817 tradidit3
1783 4754 1923 4818 serpentis
1935 4766 2026 4804 morsu
2039 4749 2169 4802 ulceratus
2182 4739 2238 4814 lieu·

1352 4845 1403 4897 que
1425 4832 1538 4894 propter
1555 4830 1689 4878 clamores
1710 4829 1737 4874 et
1755 4825 1873 4874 eiulatus
1893 4835 1910 4874 a
1928 4822 2043 4873 Graecis
2062 4817 2162 4868 Troiam
2177 4817 2237 4882 urvi-

1351 4901 1480 4966 gantlhus
1496 4899 1524 4948 in
1541 4896 1632 4948 insula
1644 4897 1748 4944 Lemno
1762 4893 1876 4942 relictus
1892 4895 1951 4954 ost,
1974 4889 2019 4939 uui
2032 4889 2120 4937 decen
2133 4887 2206 4931 altilis
2218 4882 2237 4918 111

1350 4973 1482 5034 spelunca
1499 4967 1598 5030 iactrit,
1617 4964 1732 5026 aircitpio
1750 4963 1916 5026 sagittarum
1929 4959 2013 5010 vitam
2027 4961 2186 5020 propagans,
2201 4941 2237 4989 le·

1349 5052 1400 5089 nec
1418 5051 1435 5088 a
1452 5037 1631 5097 Neoptolemo
1651 5037 1680 5083 et
1697 5033 1802 5094 Ulysse
1820 5031 1929 5080 Troiam
1953 5029 2049 5077 ductus
2068 5023 2153 5082 ibique
2173 5019 2237 5062 sara·

1351 5111 1396 5159 tus
1420 5109 1465 5156 est
1489 5106 1558 5165 (vid.
1584 5103 1681 5155 orellii
1705 5105 1732 5151 et
1758 5099 1861 5151 asiteri
1885 5097 2025 5151 onomast.
2044 5089 2154 5143 'l'uilian
2177 5075 2237 5131 al.

1313 5263 1363 5322 89)
1381 5264 1510 5324 quantum
1522 5257 1694 5312 venustatis]
1713 5255 1754 5306 sic
1765 5255 1851 5306 salta.
1867 5253 1953 5316 15³⁷,
1971 5247 2056 5313 15⁴⁰,
2076 5245 2155 5305 liii,
2172 5231 2239 5288 ¹5⁵⁴o

1350 5331 1438 5393 rosa,
1454 5329 1541 5387 isos,
1557 5329 1643 5382 raes..
1659 5325 1751 5388 roea.;
1769 5323 1853 5374 neree.
1868 5323 1956 5383 sess,
1972 5319 2056 5382 raso,
2070 5313 2140 5367 sui·
2156 5299 2239 5370 utilt

1347 5401 1500 5462 venustae3
1527 5398 1577 5447 lid.
1597 5397 1673 5448 lati.
1692 5397 1793 5460 quante
1811 5389 1975 5442 vermstatie.
