4582 5798
21 217 119 300 1121
172 207 299 287 mv.
331 201 862 286 mundeburdum.
884 203 952 278 DE
973 203 1206 282 naucum
1226 203 1461 280 PRODICIO
1483 203 1549 280 EX
1569 205 1917 286 XENOPHONTE.
1971 211 2075 292 1122

18 415 120 476 ram,
146 399 184 460 et
197 385 462 459 institutionem
478 396 599 470 tuam,
631 405 674 452 ex
688 379 819 476 quibus
833 400 959 471 spero,
986 375 1018 448 si
1068 377 1239 452 horribili
1269 381 1505 476 turpitudine.
1573 381 1633 454 Sic
1666 395 1748 455 tuos
1781 385 1916 458 amicos
1949 385 2073 471 doees;

18 497 140 566 adme
157 491 322 576 accedes,
352 491 431 560 iore
449 499 484 558 te
499 481 831 581 pulcherrimarum
849 492 885 552 et
906 475 1019 551 bone·
1071 487 1171 556 nocti
1186 485 1325 572 illudis,
1351 485 1540 558 utilissima
1556 485 1629 556 diei
1643 499 1747 580 parte
1763 487 1914 574 dormis,
1940 502 2075 562 etcum

17 596 256 671 ctissimarum
290 593 474 664 actionum
509 589 736 674 effectorem,
779 611 838 656 me
872 605 1019 678 quoque
1071 588 1182 660 lucris
1196 587 1294 674 Dea,
1319 611 1362 659 ex
1375 601 1481 660 coetu
1493 589 1655 661 Deorum
1670 590 1781 661 eiecta
1797 615 1855 677 es,
1881 603 1917 661 et
1929 588 2075 665 bonesti

17 699 134 792 magis
154 710 281 768 notam
306 709 342 768 et
364 693 618 778 celebriorem,
656 693 738 770 lore
760 709 880 784 spero.
943 684 1020 758 Nec
1070 687 1238 764 bomines
1252 703 1287 762 te
1302 705 1562 786 aspernantur,
1587 715 1654 764 nec
1678 693 1782 766 audis
1805 718 1969 790 unquam
1994 697 2074 782 dul-

15 827 104 875 vero
119 814 156 873 tc
172 799 350 894 decipiam
364 797 541 870 illecebris
554 795 713 882 exordii,
739 795 803 865 sed
817 791 909 865 sicut
920 787 1020 861 Deus
1071 794 1255 868 cissimum
1286 817 1452 882 carmen,
1487 807 1567 869 tuas
1594 795 1739 884 laudes,
1779 822 1847 870 nec
1877 798 2074 892 gratissimi

17 905 222 990 ordinavit,
249 903 386 989 dicam,
413 903 512 998 quod
526 927 583 974 res
599 913 662 973 est.
718 895 846 969 Nullas
861 917 919 966 res
934 916 1019 964 vere
1071 897 1263 993 spectaculi
1277 899 1471 992 spectatrix
1484 925 1539 984 es;
1563 901 1706 971 nullum
1722 900 1819 971 euim
1834 901 1951 974 cernis
1967 913 2072 975 tuum

16 1011 133 1082 bonas
149 1021 185 1080 et
199 1002 369 1080 honestas
383 1004 482 1078 Deus
496 1007 560 1076 dat
574 1001 783 1076 bominibus
797 999 874 1074 sine
891 997 1018 1068 labore
1071 999 1264 1075 honestum
1284 1003 1432 1076 lactum.

18 1127 55 1184 et
74 1110 273 1204 diligentia.
334 1109 375 1182 si
395 1109 515 1182 Deum
538 1109 592 1180 vis
616 1106 682 1178 tibi
705 1103 907 1199 propitium
930 1124 1019 1186 esse,
1174 1103 1265 1200 Quis
1288 1105 1354 1175 tibi
1378 1104 1511 1177 dicenti
1533 1103 1672 1201 aliquid
1695 1105 1836 1192 credat,
1869 1105 1994 1202 quisve
2010 1132 2073 1200 pe·

16 1217 88 1288 rite
103 1215 274 1286 colendus
290 1226 354 1286 est.
406 1213 446 1285 Si
462 1213 517 1285 vis
531 1213 577 1282 ab
591 1210 716 1282 amicis
729 1207 850 1302 diligi,
875 1227 1018 1278 necesse
1069 1207 1161 1279 tenti
1177 1207 1336 1280 tribuet?
1389 1207 1480 1304 Quis
1494 1208 1637 1300 sapiens
1649 1210 1747 1281 volet
1761 1233 1835 1281 esse
1849 1209 1903 1282 tui
1918 1211 2073 1302 agminis

16 1318 87 1391 erit
108 1319 160 1391 eis
184 1317 404 1388 benefacere.
463 1315 503 1387 Si
519 1316 574 1386 vis
597 1339 619 1384 a
641 1313 784 1386 civitate
806 1307 946 1382 honore
968 1309 1019 1378 af·
1069 1310 1213 1384 socius?
1270 1309 1441 1385 Iuventus
1463 1323 1580 1383 vestra
1605 1325 1658 1385 est
1678 1312 1868 1404 languida,
1909 1326 2073 1386 senectus

14 1422 95 1509 fici,
125 1444 269 1493 necesse
291 1417 361 1490 erit
382 1417 522 1514 aliquid
543 1421 679 1503 lacere,
713 1416 813 1510 quod
836 1414 870 1484 ei
890 1411 1018 1506 prosit.
1068 1418 1181 1488 latua.
1254 1411 1296 1485 ln
1327 1413 1567 1489 adolescentia
1600 1415 1678 1487 siue
1708 1415 1833 1485 labore
1863 1417 1904 1486 in
1936 1415 2072 1489 deliciis

13 1527 56 1598 si
68 1525 124 1598 vis
136 1525 176 1596 in
191 1521 528 1596 universa‘Graecia
545 1523 662 1594 clarus
677 1543 752 1592 esse
772 1530 925 1612 propter
945 1515 1018 1586 vir·
1070 1517 1211 1591 educati
1227 1529 1407 1590 senectam
1422 1514 1562 1592 habetis
1575 1519 1721 1612 plenam
1740 1519 1965 1593 morborum.
2016 1518 2073 1591 si-

14 1640 153 1714 tutem‚
177 1627 319 1720 magnis
333 1622 595 1698 beneficiishoc
614 1623 838 1696 efficiendum
857 1631 922 1694 est.
979 1614 1019 1688 Si
1069 1623 1147 1695 mul
1161 1634 1197 1692 et
1210 1621 1492 1716 praeteritorum
1511 1621 1642 1714 pudet,
1666 1634 1702 1694 et
1724 1635 1930 1714 praesentes
1951 1621 2073 1695 morbi

15 1733 91 1816 vis,
122 1744 165 1802 ut
180 1744 278 1802 terra
294 1730 439 1824 copiose
457 1729 525 1801 tibi
543 1729 664 1824 fruges
688 1729 832 1822 gignat,
865 1721 1017 1797 colenda
1070 1725 1252 1812 cruciant,
1293 1750 1376 1797 cunr
1400 1726 1442 1796 in
1465 1725 1704 1796 adolescentia
1736 1726 1884 1796 deliciae
1905 1749 2072 1818 praecer-

13 1847 79 1910 esc
132 1834 172 1906 Si
185 1835 298 1927 vislex
311 1833 501 1927 pecoribus
515 1833 708 1919 ditescere,
732 1832 823 1902 bene
839 1827 1017 1922 pascenda
1069 1843 1153 1926 ptae
1168 1829 1262 1916 sint,
1287 1829 1440 1916 molesta
1457 1828 1497 1898 in
1511 1841 1730 1901 senectutem
1745 1840 1986 1923 reponuntur.

14 1949 113 2013 sunt.
164 1937 204 2010 Si
227 1937 324 2008 bello
349 1938 448 2010 voles
472 1961 649 2025 crescere,
684 1948 720 2007 et
740 1933 876 2006 amicos
896 1933 1018 2004 delen·
1171 1929 1251 2028 Ego
1266 1958 1351 2006 vero
1367 1932 1447 2005 Deo
1466 1945 1502 2004 et
1516 1926 1677 2006 honestis
1691 1926 1899 2006 hominibus
1916 1931 2072 2008 familia·

13 2045 115 2126 dere‚
143 2055 179 2112 et
192 2037 315 2114 hostes
329 2042 492 2128 domare,
517 2043 707 2116 discendae
724 2050 809 2112 sunt
822 2035 909 2110 belli
924 2047 1018 2106 artes
1069 2037 1120 2110 ris
1134 2063 1237 2126 sum,
1267 2065 1335 2111 nec
1351 2039 1428 2112 sine
1445 2063 1504 2112 me
1519 2037 1560 2110 lit
1572 2033 1764 2114 honestum
1780 2067 1870 2138 opus
1884 2039 1999 2112 ullum
2016 2041 2072 2111 di-

13 2142 204 2240 aperitis,
246 2157 282 2216 et
303 2146 539 2231 exercendae,
579 2160 621 2218 ut
641 2143 757 2245 possis
777 2141 828 2214 eis
847 2139 914 2213 uti.
979 2137 1018 2209 Si
1069 2141 1195 2213 vinum
1212 2155 1275 2215 aut
1289 2139 1502 2218 humanum.
1558 2141 1708 2217 Honore
1723 2147 1917 2240 praecipuo
1933 2144 2072 2218 afficior

13 2274 148 2342 corpus
161 2247 216 2319 vis
238 2241 373 2320 habere
396 2249 589 2338 idoneum,
621 2263 664 2322 ut
686 2249 910 2340 obtemperet
932 2266 1018 2315 con·
1070 2272 1092 2317 a
1105 2244 1205 2332 Deo,
1230 2260 1266 2320 et
1280 2251 1326 2320 ab
1339 2244 1561 2332 hominibus,
1585 2261 1621 2319 et
1637 2273 1657 2320 a
1674 2249 1805 2345 quibus
1818 2245 1995 2320 honorari
2011 2271 2071 2320 me

13 2353 124 2437 siliis,
166 2353 482 2425 adsuefaciendum
515 2365 568 2426 est
598 2377 733 2448 magno
756 2351 882 2423 labore
905 2360 942 2418 et
959 2371 1018 2420 su·
1071 2349 1251 2425 convenit.
1300 2350 1406 2425 Socia
1424 2377 1504 2426 sum
1519 2353 1714 2438 artificum,
1745 2364 1862 2426 custos
1877 2351 1933 2424 rei
1947 2354 2072 2424 dome-

12 2457 117 2530 dorc.
1069 2453 1199 2539 sticae,
1225 2455 1296 2525 fida
1319 2456 1498 2544 dominis,
1531 2455 1690 2528 adiutrix
1710 2479 1918 2542 servomm,
1952 2456 2072 2550 opitu-

120 2557 190 2630 Hic
204 2557 412 2652 interpellat
428 2559 540 2629 altera
558 2557 709 2644 mulier,
735 2555 903 2629 videlicet
916 2553 1019 2646 igna-
1069 2555 1178 2628 latrix
1193 2557 1233 2628 in
1243 2582 1351 2653 pace,
1376 2561 1582 2635 firmissima
1596 2561 1764 2632 laborum
1786 2559 1884 2633 socia
1904 2559 1944 2629 in
1961 2559 2074 2646 bello,
2097 2585 2102 2588 ·

13 2663 94 2735 via:
121 2661 321 2735 Considera
336 2663 527 2748 Hercules,
554 2683 663 2758 quam
680 2661 861 2732 difficilem
881 2670 918 2730 et
938 2658 1018 2729 lon·
1071 2661 1208 2756 optima
1226 2662 1399 2736 comesin
1414 2663 1584 2738 amicitia.
1642 2662 1696 2735 Ac
1710 2663 1800 2737 meis
1815 2663 1940 2738 amicis
1955 2663 2072 2740 victus

13 2791 98 2861 gam
113 2766 212 2838 viam
231 2767 293 2836 illa
316 2765 382 2837 tibi
401 2777 596 2851 monstret,
628 2790 693 2858 ego
714 2766 861 2837 brevem
886 2774 922 2834 et
941 2760 1017 2856 pla·
1070 2777 1124 2836 est
1140 2777 1175 2835 et
1188 2767 1360 2858 parabilis
1375 2780 1411 2838 et
1425 2770 1558 2854 suavis,
1583 2757 1668 2864 quia
1685 2783 1878 2862 expectant·
1887 2771 2020 2844 famem
2035 2783 2072 2844 et

11 2895 102 2956 nam
115 2871 215 2947 viam
231 2861 551 2966 adeeatitudiiem
569 2870 733 2942 ostendo.
1069 2867 1188 2954 sitim,
1213 2880 1249 2942 et
1263 2893 1411 2944 somnus
1424 2875 1564 2965 gratior
1584 2885 1637 2944 est
1658 2885 1742 2966 post
1762 2873 1938 2948 laborem.
1996 2875 2073 2950 Nec

122 2973 259 3046 Contra
279 2975 394 3047 virtus
407 2972 543 3068 inquit:
574 2972 642 3044 Dic
659 2969 769 3058 mihi,
802 2984 888 3043 tune
913 2969 1018 3067 quid·
1069 2985 1193 3046 tamen
1206 2986 1357 3068 propter
1372 2998 1540 3049 somnum
1555 2975 1698 3050 labores
1721 2979 1942 3051 necessarios
1964 2979 2072 3050 omit-

14 3103 129 3176 quam
144 3074 254 3151 babes
268 3079 419 3162 bonum,
445 3090 509 3147 ant
524 3075 705 3168 intelligis,
729 3076 817 3173 quid
831 3074 879 3148 sit
895 3098 1018 3161 suave,
1069 3089 1121 3150 to.
1186 3073 1349 3148 Laudari
1370 3103 1408 3152 se
1433 3080 1581 3154 iuvenes
1602 3103 1625 3150 a
1646 3076 1850 3156 tenorum
1876 3083 2071 3157 laetantur.

13 3207 101 3254 curn
114 3177 247 3254 horum
263 3207 368 3254 causa
384 3175 477 3252 nibil
492 3203 598 3272 agere
613 3181 721 3264 velis,
752 3203 794 3251 ac
810 3179 1016 3275 nequidem
1068 3175 1117 3249 Et
1130 3202 1232 3252 senes
1246 3175 1387 3254 bonore
1400 3208 1438 3256 se
1456 3185 1551 3256 allici
1566 3207 1587 3254 a
1603 3183 1806 3258 iunioribus
1824 3187 2002 3278 gaudent,
2035 3198 2072 3258 et

10 3298 179 3380 expectes
192 3310 315 3358 rerum
326 3283 492 3358 suavium
504 3283 777 3386 appetitionem,
791 3285 854 3355 sed
866 3283 1017 3376 impleas
1068 3282 1223 3355 libenter
1239 3285 1518 3378 praeteritarum
1533 3287 1718 3360 actionum
1742 3291 2001 3377 recordantur,
2035 3302 2072 3362 et

11 3401 51 3460 te
82 3385 166 3460 ante
199 3388 472 3484 appetitionem.
550 3390 646 3460 Ante
679 3388 811 3459 lamem
847 3388 1017 3475 comedis,
1069 3399 1276 3480 praesentes
1291 3389 1433 3462 labores
1449 3391 1537 3463 laeti
1550 3389 1699 3464 faciunt.
1750 3391 1907 3489 Propter
1922 3419 1980 3464 me
1996 3393 2072 3464 cari

11 3485 103 3562 ante
117 3490 214 3565 sitim
230 3492 336 3579 bibis,
363 3504 446 3564 etut
460 3493 620 3584 suaviter
634 3493 815 3577 comedas,
834 3486 945 3565 babes
960 3518 1018 3565 ar·
1068 3489 1170 3576 Deo,
1211 3490 1331 3563 dilecti
1357 3493 1502 3580 amicis,
1538 3489 1711 3564 honorati
1730 3496 1890 3584 patriae,
1930 3509 2070 3568 etcum

13 3591 129 3670 tilices
152 3596 490 3681 condimentorum,
522 3607 564 3667 ut
580 3597 740 3668 suaviter
761 3597 882 3680 bibas,
914 3596 1016 3666 varia
1067 3593 1187 3664 fatalis
1206 3616 1305 3664 mors
1325 3593 1441 3680 venit,
1474 3618 1551 3668 non
1571 3595 1690 3666 iacent
1712 3594 1790 3666 sine
1812 3592 1972 3684 honore,
2005 3601 2070 3674 sed

9 3697 102 3772 vina
117 3713 249 3792 gustas.
276 3747 281 3790 ;
288 3699 488 3785 Discurris,
512 3697 604 3772 utin
621 3711 753 3770 aestate
769 3698 890 3768 nivem
908 3721 1018 3794 quae-
1067 3695 1202 3766 florent·
1221 3697 1440 3790 sempiterna
1467 3697 1587 3770 laude.
1652 3696 1692 3769 Si
1723 3697 1834 3790 igitur
1863 3703 2070 3779 adolescens

10 3827 91 3890 ras,
115 3815 157 3875 ut
171 3802 331 3876 suaviter
345 3801 518 3887 dormias,
543 3801 668 3872 mollia
684 3802 843 3898 stragula
857 3815 894 3872 et
906 3802 1018 3873 lectos
1067 3811 1152 3870 nate
1168 3822 1212 3870 ex
1231 3799 1337 3872 bonis
1356 3801 1566 3894 parentibus
1588 3794 1758 3874 honestos
1780 3803 1924 3878 labores
1943 3807 2070 3880 alaeri-

11 3929 196 4000 apparas,
221 3930 289 3979 nec
310 3907 434 3978 labore
455 3907 632 3980 defessum
659 3929 790 4000 corpus
810 3929 940 3978 somno
961 3928 1018 3975 re·
1069 3914 1125 3973 ter
1139 3901 1355 3996 susceperis,
1381 3929 1466 3976 vere
1480 3906 1606 3977 beatus
1626 3897 1709 3978 eris.

9 4031 138 4096 creas,
163 4013 225 4082 sed
241 4010 394 4096 dormis,
422 4009 508 4107 quia
521 4006 614 4081 nibil
637 4003 769 4096 habes,
801 4010 900 4105 quod
921 4031 1017 4101 agas.
1170 4003 1270 4077 Haec
1291 4005 1468 4082 Prodicus
1490 4020 1752 4081 commemorat
1774 4010 1965 4104 splendore
1985 4037 2068 4087 ora-

10 4109 59 4186 ln
79 4114 274 4188 concubitu
294 4115 368 4186 vim
396 4127 549 4188 naturae
580 4114 715 4202 affers,
747 4111 952 4208 promiscua
981 4123 1019 4184 et
1068 4108 1179 4182 tionis
1193 4110 1355 4198 maiore,
1382 4137 1490 4212 quem
1506 4137 1573 4208 ego
1591 4111 1729 4186 imitari
1745 4137 1822 4186 non
1835 4139 1995 4211 possum.

63 5551 251 5624 lustru.
274 5554 382 5622 orso.
407 5551 493 5620 Vos.
515 5551 627 5620 xvll.
