4548 5788
248 165 325 268 eos
829 159 953 235 eain.
984 159 1099 236 nnn
1132 157 1337 233 sonim
1368 159 1709 237 rmnouoerca
1777 133 1783 139 ’
2166 173 2215 248 ot

251 330 384 430 siphon
410 335 593 404 decretum
621 333 726 415 lacit,
761 345 802 402 ut
826 327 1065 404 Demostheni
1093 343 1245 425 propter
1297 343 1333 402 et
1356 331 1464 423 eligat
1486 325 1637 404 honesta
1662 333 1874 406 necessaria.
1918 333 2058 405 ‚Deinde
2077 337 2131 408 etsi
2148 343 2216 414 valde

252 436 509 535 gratitudinem
525 435 732 504 decerneret
747 458 932 507 coronam.
982 431 1023 504 ln
1040 459 1083 506 eo
1099 436 1242 505 decreto
1295 433 1447 514 delectat
1470 434 1716 526 exemplorum
1734 436 1920 520 recitatio,
1960 449 1996 508 et
2015 438 2098 528 capit
2113 442 2220 528 animos,

249 541 374 616 scribit
387 533 667 608 Demosthenem
681 539 771 608 bene
786 537 956 609 meritum
973 563 1047 610 csse
1069 539 1113 608 dc
1137 559 1243 629 repu-
1296 549 1418 607 tamen
1436 534 1474 604 in
1491 531 1547 606 his
1564 535 1650 628 ipsis
1667 549 1721 607 εει
1735 533 1960 632 κακοζηλία,
1986 551 2020 609 et
2040 540 2151 612 multae
2168 559 2221 614 sut

251 645 357 717 blica.
398 637 515 710 ‘Huic
543 641 686 710 decreto
717 641 928 711 adversatur
955 636 1170 724 Aeschines,
1207 648 1244 708 et
1295 637 1612 710 dissimilitudines.
1663 635 1925 714 Demosthenes
1941 641 2016 710 vult
2029 665 2094 712 esse
2112 644 2224 718 imitator

250 761 415 819 autorem
438 739 706 835 Ctesiphontem
730 754 889 827 accusat,
928 743 1084 828 sedita,
1117 753 1158 812 ut
1178 764 1243 834 per
1296 737 1567 825 Themistoclis,
1593 765 1674 811 cum
1698 755 1784 812 tunc
1808 767 1874 812 nec
1898 767 2082 814 consensus
2100 745 2222 818 Graeciae

250 847 358 922 buius
381 869 510 938 corpus
525 839 803 916 Demosthenem
827 857 944 938 petat,
970 845 1053 940 quia
1079 845 1118 913 in
1140 867 1243 913 accu-
1297 855 1407 927 esset,
1432 867 1499 912 nec
1513 842 1641 915 similis
1657 843 1788 924 virtus;
1815 858 1850 914 et
1862 845 2016 916 imitatio
2031 849 2174 939 temporis
2188 875 2223 942 pe·

250 951 390 1024 satione
405 948 538 1018 directa
556 943 810 1020 Demosthenis
823 949 1065 1042 eloquentiam
1081 945 1175 1030 eius,
1208 955 1244 1014 et
1295 946 1449 1016 riculosa
1465 956 1535 1028 est,
1562 945 1646 1039 quia
1666 941 1810 1016 heroica
1827 949 1988 1041 exempla
2001 963 2080 1020 suut
2092 975 2177 1041 supra
2193 978 2225 1022 re·

253 1051 420 1141 factionis
445 1049 561 1121 studia
584 1051 786 1135 metuebat,
820 1062 856 1120 et
882 1051 1028 1144 quidem
1053 1048 1163 1142 petit,
1196 1071 1243 1117 ne
1297 1047 1438 1140 gulam:
1460 1043 1666 1119 ‘Mediocrcs
1683 1043 1849 1122 homines
1864 1050 2046 1122 continere
2060 1076 2093 1122 se
2108 1053 2224 1124 intrare·

252 1148 490 1227 Demostheni
510 1153 628 1223 dicere
650 1155 879 1224 concedatur.
906 1147 1017 1223 'Erat
1039 1163 1159 1222 autem
1173 1161 1244 1220 sta-
1297 1151 1401 1242 gulae
1415 1162 1529 1222 metas
1544 1150 1686 1224 debent.
1738 1152 1790 1223 Ac
1804 1149 2018 1224 Plutarchus
2039 1157 2224 1226 venustissime

252 1271 311 1331 tus
323 1251 558 1350 Aeschinicae
574 1255 765 1326 orationis:
791 1254 984 1326 Decretum
1001 1248 1244 1347 Ctesiphontis
1297 1253 1405 1338 dixit,
1447 1253 1535 1322 tales
1566 1251 1766 1324 imitatores
1792 1255 1925 1326 similes
1949 1281 2022 1327 esse
2044 1255 2226 1352 pueris,qui

252 1363 425 1432 iniustum
449 1372 485 1429 et
507 1359 634 1429 falsum
660 1381 745 1430 esse.
804 1353 845 1426 In
873 1383 944 1450 qua
969 1357 1194 1428 accusatione
1214 1354 1245 1427 si
1298 1355 1455 1426 induunt
1470 1355 1650 1425 maiorum
1666 1381 1813 1427 suorum
1829 1360 1981 1448 grandes
1997 1356 2176 1442 cothurnos,
2191 1385 2226 1450 ga·

163 1508 165 1515 ·
253 1462 396 1535 vicisset
415 1458 607 1546 Aschines,
639 1455 709 1530 hoc
731 1461 952 1552 praeiudicio
976 1457 1246 1531 consessusDe·
1295 1460 1389 1543 leas,
1415 1454 1598 1542 thoraces,
1622 1458 1752 1552 quibus
1765 1459 1796 1530 si
1812 1461 2038 1552 tingerentse
2058 1462 2170 1533 similes
2185 1486 2228 1531 csse

253 1560 459 1636 mosthenes
472 1575 594 1655 postea
610 1563 713 1633 facile
729 1563 904 1656 potuisset
919 1563 1061 1656 expelli.
1088 1562 1245 1633 Conten-
1297 1561 1463 1645 illorum,
1482 1585 1590 1630 nemo
1607 1585 1682 1630 uon
1697 1559 1867 1634 ridiculos
1885 1589 1958 1636 esse
1973 1564 2145 1636 iudicaret.
2171 1563 2228 1633 Scir·

254 1668 309 1738 dit
331 1667 441 1759 igitur
462 1660 722 1737 Demosthenes
752 1679 918 1750 econtra,
960 1679 1001 1738 ut
1024 1667 1063 1736 in
1087 1661 1156 1735 hoc
1178 1688 1243 1733 suo
1298 1691 1378 1736 mus
1402 1663 1512 1756 igitur
1532 1663 1650 1735 felices
1668 1665 1775 1735 duces
1790 1665 1963 1758 singulari
1976 1679 2077 1736 motu
2090 1667 2228 1736 divimu-

238 1751 415 1866 'periculo
437 1767 506 1840 sibi
526 1769 742 1840 concedatur
759 1793 827 1864 pro
853 1769 943 1852 isto,
964 1783 1000 1840 et
1012 1794 1081 1863 pro
1094 1791 1169 1840 sese
1192 1765 1245 1834 di·
1299 1767 1421 1852 citari,
1447 1791 1523 1836 non
1548 1777 1727 1839 tentemus
1753 1766 1979 1864 irregularia.
2030 1769 2101 1842 Nos
2119 1769 2229 1838 seroie

144 1955 146 1960 ,
253 1897 345 1944 cere.
396 1868 495 1942 Haec
517 1872 655 1943 occasio
675 1871 745 1941 fuit
769 1867 875 1944 huius
897 1873 1072 1943 orationis
1090 1870 1245 1940 scriben-
1298 1886 1396 1942 terea
1412 1871 1571 1941 modeste
1587 1869 1785 1940 necessaria
1800 1871 1992 1956 faciamus,
2018 1885 2055 1943 et
2069 1873 2228 1944 rostroloro

252 1978 344 2059 dae,
369 1997 461 2068 quae
477 1973 725 2067 principaliter
746 1985 800 2044 est
822 1973 963 2065 generis
986 1971 1184 2054 iudicialis,
1209 1983 1247 2042 et
1297 1971 1546 2066 congruentia.
1604 1971 1702 2044 llaec
1723 1973 1866 2058 addidi,
1893 1985 1934 2044 ut
1954 1975 2102 2046 studiosi
2122 1977 2230 2044 conside

251 2091 367 2152 status
387 2088 440 2148 εει
458 2075 684 2150 iuridicialis:
711 2076 903 2148 Decretum
921 2073 1165 2170 Ctesiphontis
1185 2099 1245 2144 ve·
1297 2089 1380 2148 rent
1396 2076 1504 2147 etiam
1522 2073 1559 2144 in
1577 2087 1649 2146 tam
1666 2075 1824 2169 speciosa
1839 2077 2047 2150 defensione
2064 2079 2230 2172 aliquidaut

253 2206 336 2253 rum
362 2191 398 2250 et
417 2179 550 2251 iustum
574 2205 668 2265 esse,
706 2193 741 2249 et
762 2193 953 2273 propterea
975 2175 1244 2273 Ctesiphontem
1297 2175 1545 2274 sophisticum.
1611 2176 1659 2248 Et
1687 2179 1833 2274 quidem
1861 2193 1988 2251 narrat
2008 2176 2178 2254 Aeschines
2195 2202 2231 2271 po

254 2285 345 2355 iuste
368 2282 517 2352 absolvi.
568 2282 638 2354 Sed
661 2283 783 2356 αἴτιον
805 2277 912 2354 huius
935 2283 1152 2354 defensionis
1169 2305 1245 2351 am·
1297 2283 1405 2356 tuisse
1437 2280 1677 2352 mediocribus
1713 2281 1980 2355 conditionibus
2017 2309 2134 2377 pacem
2163 2284 2232 2373 inps

253 2387 355 2480 plum
379 2394 416 2453 et
438 2383 666 2478 splendidum
684 2397 748 2457 est.
800 2384 894 2456 Nam
912 2409 993 2456 cum
1009 2380 1246 2456 Demostheni
1298 2386 1407 2470 traci,
1433 2386 1495 2457 sed
1518 2377 1798 2456 Demosthenem
1821 2385 1961 2477 publice
1992 2385 2138 2470 iurasse,
2158 2410 2185 2458 se
2199 2385 2233 2452 ab

252 2488 483 2583 probandum
510 2501 620 2572 esset,
658 2513 696 2560 se
729 2487 844 2558 civem
872 2489 1132 2561 benemeritam
1158 2511 1246 2571 esse,
1298 2492 1490 2561 ducturum
1515 2486 1553 2556 in
1577 2511 1776 2571 carcerem,
1809 2487 1840 2558 si
1860 2489 1941 2582 quis
1966 2490 2014 2558 ad
2039 2489 2189 2582 populum
2203 2510 2233 2554 re

253 2595 395 2661 necesse
416 2589 485 2659 fuit
506 2590 577 2660 dici
604 2593 647 2660 de
665 2589 823 2662 consiliis
845 2590 943 2663 belli.
994 2591 1035 2663 ln
1058 2615 1100 2662 ea
1124 2590 1246 2685 dispu·
1297 2596 1427 2684 ferret,
1452 2604 1494 2663 ut
1513 2613 1586 2682 pax
1608 2602 1801 2684 peteretur.
1862 2589 2013 2662 Caetera
2035 2594 2079 2662 de
2100 2611 2234 2682 argunee

253 2693 391 2765 tatione
405 2690 562 2760 maxima
577 2718 660 2786 pars
675 2691 849 2764 orationis
865 2697 1107 2778 consumitur,
1134 2693 1197 2764 ubi
1211 2705 1247 2764 et
1299 2697 1344 2768 tis
1364 2709 1400 2766 ct
1423 2692 1574 2765 materia
1606 2693 1644 2764 in
1666 2693 1815 2792 qingulis
1840 2694 2005 2786 partibus
2031 2694 2184 2766 orationis
2197 2711 2234 2760 su

252 2794 350 2869 bunc
365 2793 611 2890 syllogismum
628 2795 809 2890 integrum
831 2795 1005 2884 instituit,
1032 2809 1069 2868 et
1089 2796 1247 2890 splendi·
1298 2801 1379 2872 loco
1395 2795 1633 2867 monebimus.
1683 2795 1788 2868 Nunc
1805 2796 1849 2866 de
1865 2797 2015 2868 exordio
2031 2798 2157 2879 dicam,
2177 2791 2235 2888 qood

252 2898 397 2974 dissime
412 2909 535 2968 omat:
1299 2900 1472 2994 singulari
1505 2895 1697 2991 prudentia
1735 2900 1869 2970 factum
1904 2912 1976 2985 est,
2009 2913 2046 2970 ει
2077 2893 2236 2970 modestisi

304 3002 406 3073 Dans
420 2994 612 3072 honestum
634 3000 844 3089 consilium,
870 3002 1011 3075 etiamsi
1033 3015 1086 3076 est
1106 3001 1247 3096 pericu·
1298 3029 1400 3077 mum
1416 3015 1452 3074 et
1465 3000 1716 3094 gravissimum
1734 3014 1797 3074 est.

355 3104 493 3189 losum,
518 3127 595 3175 non
610 3119 662 3176 est
677 3105 892 3200 puniendus.
1403 3105 1574 3176 Continet
1595 3117 1716 3176 autem
1737 3101 1948 3198 praecipuas
1978 3116 2096 3196 partes
2122 3111 2236 3196 quatuor·

307 3203 506 3276 Consilium
528 3230 649 3277 meum
670 3209 739 3278 fuit
760 3203 974 3293 honestum,
1015 3207 1155 3280 etiamsi
1178 3207 1248 3278 suit
1298 3209 1406 3282 lnitio
1421 3221 1474 3280 est
1488 3204 1635 3299 petitio,
1660 3220 1701 3278 ut
1716 3207 1904 3290 audiatur,
1928 3206 2025 3276 unde
2047 3205 2151 3276 ordiri
2169 3195 2237 3270 nari

357 3306 618 3400 periculosum,
651 3323 686 3380 et
706 3311 825 3403 pactio
849 3309 1029 3383 servitutis
1050 3310 1173 3383 fuisset
1192 3309 1247 3380 in·
1299 3311 1452 3385 meluit
1483 3324 1752 3402 opportunum,
1795 3309 1879 3404 quia
1904 3305 2098 3380 Aeschines
2124 3331 2184 3376 rem
2203 3299 2238 3368 ab

357 3403 521 3484 honesta.
1301 3417 1447 3490 surdam
1484 3411 1524 3482 in
1560 3413 1631 3484 line
1670 3411 1846 3484 orationis
1880 3435 1966 3484 suae
1999 3411 2184 3505 petiverat,
2213 3423 2238 3468 n

306 3511 403 3606 Ergo
424 3537 654 3610 nequaquam
672 3513 806 3587 iustum
822 3527 874 3587 est
889 3513 1011 3607 puniri
1026 3539 1084 3586 me
1099 3529 1248 3610 propter
1300 3511 1536 3590 Demostheni
1582 3517 1863 3600 concederetur,
1909 3528 1950 3586 nt
1978 3515 2132 3594 diceret;
2166 3523 2238 3599 coqu

258 3619 262 3626 ’
355 3611 548 3688 honestum
565 3618 765 3690 consilium.
1300 3635 1415 3696 astute
1437 3643 1514 3690 non
1535 3617 1653 3711 ipsum
1668 3613 1970 3702 Demosthenem,
1996 3619 2060 3690 sed
2081 3607 2237 3722 Ctesiphoy

253 3715 434 3790 Maiorem
458 3733 565 3790 ornat
577 3718 922 3793 commemoratione
944 3732 1107 3793 veterum
1130 3745 1247 3793 exem·
1301 3739 1373 3797 tem
1407 3723 1541 3794 directe
1576 3721 1793 3794 accusavit..
1835 3719 2000 3794 Secunda
2040 3743 2131 3814 pars.
2183 3710 2238 3780 lint

251 3821 412 3914 plorum.
469 3823 604 3894 Narrat
624 3823 803 3918 Cyrsilum
825 3825 995 3895 obrutum
1017 3849 1093 3896 esse
1117 3824 1247 3919 lapidi·
1300 3825 1467 3922 petitioni
1489 3823 1662 3896 intexitur
1685 3824 1832 3921 querela
1857 3827 1902 3895 de
1924 3823 1989 3909 iis,
2021 3847 2112 3920 quae
2133 3821 2238 3911 gravol

231 3925 340 4008 bus,
365 3927 463 4019 quod
479 3925 589 3996 luerit
604 3921 750 4011 suasor,
772 3939 813 3998 ut
828 3922 1064 4000 Athenienses
1080 3927 1189 3999 Xerxi
1209 3952 1246 3999 se
1299 3932 1431 4026 ipsum.
1482 3927 1607 3998 Tertia
1631 3951 1715 4022 pars
1735 3940 1789 4000 est
1810 3927 2092 4020 praeiudicium,
2125 3917 2202 4018 quod
2214 3933 2237 3980 ιι

252 4028 446 4112 dederent,
471 4028 670 4120 lapidatam
692 4051 767 4101 esse
783 4042 819 4099 et
834 4029 1022 4120 coniugem
1039 4030 1114 4103 eius
1131 4055 1152 4100 a
1168 4056 1247 4102 mu·
1300 4036 1404 4105 valde
1418 4033 1567 4126 prodest
1579 4027 1837 4115 Demostheni,
1861 4030 1968 4126 quia,
1995 4055 2077 4101 cum
2097 4027 2132 4096 in
2150 4048 2180 4092 rc
2194 4037 2238 4086 m

253 4129 413 4203 lieribus.
459 4130 627 4227 Denique
645 4144 720 4202 tota
736 4127 826 4203 haec
839 4154 924 4227 pars
940 4132 1166 4206 ornatissima
1182 4146 1248 4219 est,
1300 4138 1429 4209 nilesta
1454 4135 1620 4207 ostendat
1649 4134 1841 4206 mentitum
1865 4158 1941 4206 esse
1962 4127 2181 4208 Aeschinem,
2203 4119 2237 4188 lt·

253 4232 340 4329 quia
358 4235 655 4305 commemoratio
675 4259 798 4306 rerum
823 4247 1002 4328 gestarum
1019 4235 1132 4328 gignit
1145 4238 1247 4330 plau·
1301 4235 1456 4310 trahitur
1484 4238 1519 4308 ei
1541 4239 1629 4309 tides
1649 4237 1689 4307 in
1715 4237 1876 4332 reliquis.
1914 4236 2021 4308 -Hoc
2044 4234 2146 4327 igitur
2168 4229 2237 4296 hrcle

254 4335 394 4408 sibilem
410 4337 625 4410 orationem.
658 4337 800 4432 'Quare
823 4353 858 4410 et
878 4333 946 4408 hac
959 4339 1167 4412 defensione
1185 4365 1247 4434 ap·
1298 4341 1561 4436 praeiudicium
1585 4340 1739 4433 opponit
1753 4363 1906 4432 magnae
1924 4340 2021 4432 parti
2038 4325 2237 4436 orationisit

252 4439 429 4532 probata,
459 4439 553 4512 cives
573 4437 854 4513 Demosthenem
875 4441 1119 4515 absolverunt.
1169 4442 1248 4515 Etsi
1300 4441 1434 4518 schinis
1453 4445 1498 4514 de
1522 4443 1674 4538 privatis
1694 4443 1875 4515 moribus:
1901 4443 1939 4513 Si
1956 4441 2039 4513 talis
2059 4465 2132 4512 sum
2149 4437 2178 4502 in
2194 4449 2236 4522 pn

122 4609 127 4618 ,
254 4551 376 4612 autem
392 4543 551 4615 defensio
566 4545 726 4637 speciosa
742 4556 814 4631 est,
838 4558 963 4616 tamen
978 4546 1017 4613 in
1038 4545 1246 4640 syllogismo
1299 4561 1382 4618 vata
1401 4549 1496 4632 vita,
1523 4547 1666 4643 qualem
1683 4546 1742 4618 ille
1757 4571 1816 4616 me
1832 4545 2020 4630 describit,
2046 4567 2126 4613 mor
2137 4531 2236 4623 surgit

249 4637 346 4714 baec
359 4643 453 4719 inest
469 4643 679 4740 sophistica:
706 4647 866 4720 Honesta
887 4647 1034 4720 consilia
1052 4661 1136 4720 sunt
1148 4661 1248 4719 ante·
1300 4674 1366 4721 nec
1377 4652 1528 4722 verbum
1547 4651 1678 4720 addam
1696 4651 1816 4722 adme
1831 4649 2103 4720 defendendum.
2141 4640 2234 4733 Quarta

252 4748 421 4832 ferenda,
445 4749 579 4822 scilicet
601 4751 784 4844 possibilia
808 4765 843 4822 et
863 4751 967 4824 nohis
983 4751 1246 4824 convenientia.
1299 4779 1384 4848 pars
1417 4765 1470 4825 cst
1501 4750 1734 4845 reprehensio
1773 4751 2008 4838 insidiarum,
2048 4749 2137 4844 quod
2164 4743 2236 4810 aaut

253 4850 306 4922 Ut
320 4851 386 4923 etsi
402 4846 593 4924 honestum
611 4867 722 4940 esset,
748 4855 779 4928 si
795 4855 875 4952 quis
890 4854 1053 4949 privatus
1067 4855 1164 4927 solus
1179 4855 1248 4926 iret
1299 4853 1493 4930 Aeschines
1516 4881 1592 4926 non
1612 4855 1833 4928 accusaverit
1849 4855 1982 4928 directe
1997 4843 2235 4925 Demosthenen
2253 4883 2254 4914 ;

251 4956 292 5026 in
318 4953 455 5046 regiam
479 4953 689 5043 Tunicam,
730 4971 766 5029 et
797 4973 992 5054 tyrannum
1020 4957 1247 5044 interficeret,
1299 4964 1361 5034 sed
1377 4955 1668 5054 Ctesiphontem,
1694 4958 1779 5056 qnia
1794 4959 1934 5030 facilius
1947 4956 2126 5051 paralium
2139 4943 2235 5041 potent

250 5069 377 5128 ‘minen
391 5058 429 5128 id
444 5057 633 5130 consilium
647 5084 724 5131 non
738 5063 986 5156 probandum,
1006 5063 1069 5134 sed
1084 5062 1247 5132 reiicien·
1300 5063 1456 5156 iugulari
1471 5059 1753 5148 Demosthenes,
1777 5061 1992 5158 praesertim
2010 5061 2042 5134 si
2063 5079 2129 5127 non
2151 5059 2233 5152 conte

203 5173 210 5194 ¹
254 5161 341 5231 dum
362 5172 434 5245 est,
465 5161 551 5257 quia
575 5187 641 5232 nec
662 5165 830 5255 possibile
853 5175 926 5249 εει,
960 5190 1027 5235 nec
1049 5167 1114 5236 uni
1140 5167 1247 5237 alicui
1300 5169 1447 5238 deretur
1463 5165 1496 5237 ei
1511 5191 1580 5259 pro
1594 5192 1631 5238 se
1647 5167 1784 5250 dicere,
1818 5179 1854 5236 et
1868 5165 2008 5257 signum
2029 5174 2079 5234 est
2093 5153 2233 5228 diffidentis

254 5264 482 5336 conveniens.
535 5263 606 5336 Sed
618 5265 782 5358 pluribus
794 5262 955 5338 honestis
976 5268 1172 5360 propositis
1194 5269 1247 5338 vi·
1301 5293 1449 5354 causae,
1486 5270 1584 5364 quod
1617 5293 1694 5340 non
1729 5281 1826 5340 recta
1861 5267 2083 5360 congreditur
2112 5278 2175 5328 tum
2200 5263 2233 5354 “3¹

255 5363 341 5437 deat
361 5365 531 5493 quisque,
557 5390 649 5460 quae
674 5368 822 5440 consilia
842 5393 908 5440 suo
930 5371 1012 5440 loeo
1035 5385 1248 5462 congruant,
1301 5398 1408 5468 quem
1423 5372 1579 5448 manime
1592 5374 1693 5467 petit.
1738 5371 1849 5444 Lecto
1867 5371 1977 5465 igitur
1992 5364 2142 5443 exordio,
2163 5341 2231 5422 ‘lli
