4648 5794
264 161 341 242 ssa
437 163 442 169 ·
843 159 967 234 rnre.
1000 151 1718 233 un.sca1rrarennonootce
2069 124 2071 132 ’
2197 167 2246 246 sse

269 359 380 432 quare
395 335 708 406 breviter'tantnm
723 347 857 427 petam.
909 333 1019 404 Ratio
1046 345 1188 426 sumpta
1211 344 1265 404 est
1315 329 1413 399 velut
1446 328 1594 422 corrigit
1633 327 1918 424 propositionem
1958 327 2025 403 hac
2060 337 2250 426 adversativa,

270 437 480 531 apossibili.
530 435 572 506 ln
595 439 665 506 tine
688 438 836 532 ponitur
857 437 1013 508 clausula
1037 436 1093 509 sui
1117 435 1195 505 voti
1220 436 1263 504 de
1317 455 1408 526 quae
1427 445 1567 504 constat
1581 431 1799 506 dilemmate.
1850 435 2034 506 Postremo
2049 437 2089 507 de
2103 440 2166 510 suis
2178 465 2253 532 nego

209 579 220 595 .
271 541 471 632 praesentia
496 551 531 608 et
553 542 597 608 de
619 539 681 625 iis,
701 625 707 638 ·
725 564 817 636 quae
840 539 1034 633 impetrare
1067 540 1167 632 cupit
1197 539 1263 610 sub
1317 535 1375 604 tiis
1397 535 1481 626 agit.
1536 533 1656 627 Rogat
1677 537 1792 623 enim,
1826 549 1868 607 nt
1888 540 1949 607 det
1971 561 2127 631 operam,
2155 544 2254 614 nesili

272 644 366 715 itlius
387 641 584 715 consulam.
1316 637 1503 727 provincia
1523 627 1750 730 prorogetur.
1807 639 1960 711 Additur
1980 653 2061 714 suut
2081 643 2163 713 duae
2178 649 2257 714 ratio

1317 763 1399 824 nes,
1440 741 1553 810 altera
1578 765 1599 809 a
1622 741 1738 826 facili,
1777 743 1891 814 altera
1913 744 1960 814 ab
1983 743 2095 816 officio
2114 746 2257 832 amicitiae,

513 793 652 865 Allssd
684 803 1012 886 argumentum·
1319 837 1883 935 quaehocmodoconfirmatnr.

378 931 443 1006 Est
454 932 623 1026 petitoria
640 929 789 1024 epistola
804 929 937 1000 mirum
963 928 1002 998 in
1026 929 1175 1010 modum
1198 928 1268 998 ele·
1627 1011 1635 1030 ι

277 1060 365 1128 gans
380 1050 415 1107 ct
430 1035 555 1108 civilis.
606 1033 759 1106 Orditur
780 1057 801 1102 a
823 1044 927 1102 voto:
963 1031 1119 1102 Maxime
1139 1031 1267 1102 vellem
1565 1012 1706 1086 Alffld
1737 1029 2067 1109 argumentum·

276 1164 334 1208 me
349 1141 470 1210 adesse
485 1136 524 1207 in
540 1137 727 1207 consulatu
742 1148 817 1207 tuo.
867 1133 1008 1206 Deinde
1033 1158 1175 1206 cansam
1192 1133 1269 1204 voti
1421 1145 1666 1238 Responsoria
1683 1162 1786 1222 estet
1800 1151 2054 1244 gratulatoria,
2077 1153 2183 1223 addita
2198 1153 2259 1246 peti

277 1240 393 1311 addit:
420 1241 473 1312 Ut
485 1239 552 1309 tibi
568 1239 724 1310 officium
738 1262 858 1308 mcum
875 1239 1107 1310 declararem.
1152 1235 1201 1308 Et
1218 1248 1270 1308 est
1321 1245 1432 1320 tione,
1482 1247 1632 1320 Exordii
1646 1252 1727 1322 1000
1740 1255 1889 1347 ponitur
1909 1255 2069 1327 namsi„
2093 1256 2133 1325 de
2153 1280 2203 1327 ,ua
2220 1257 2259 1325 be

277 1369 362 1414 usus
378 1343 533 1415 iucunda
551 1341 760 1434 collatione:
787 1342 846 1410 Tu
860 1340 997 1420 iuvenis
1015 1365 1072 1410 me
1088 1339 1269 1412 consulem
1321 1350 1548 1438 amentia,
1583 1377 1654 1450 qua
1677 1369 1730 1426 est
1751 1358 1956 1452 complexus
1978 1349 2180 1458 Fabiumfl),
2221 1357 2259 1428 se

280 1443 449 1516 adiuvisti
456 1471 465 1527 ;
493 1468 558 1536 ego
580 1469 686 1515 senex
708 1444 781 1514 iam
802 1444 898 1512 idem
921 1441 1073 1513 libenter
1091 1443 1157 1514 tibi
1178 1446 1271 1516 face·
1322 1451 1446 1547 quitur
1458 1457 1681 1550 propositio,
1711 1484 1802 1554 quae
1817 1474 1869 1533 est
1883 1463 2033 1554 figurata
2051 1474 2149 1546 voto,
2170 1459 2259 1529 additis
2281 1489 2282 1550 a

185 1582 190 1592 ·
280 1571 369 1619 rem.
427 1544 567 1617 Deinde
589 1547 732 1642 querela
755 1546 933 1642 sequitur:
967 1547 1036 1618 Sed
1057 1547 1170 1616 latum
1196 1568 1271 1615 non
1322 1553 1540 1642 rationibus,
1566 1573 1879 1657 qnaretautopere
1895 1575 2039 1657 expetat
2053 1563 2124 1635 eius
2141 1587 2258 1655 praesen

279 1649 468 1743 permittit.
535 1647 805 1730 Commemorat
828 1661 948 1719 autem
969 1649 1140 1720 beneficia
1165 1645 1272 1720 Pauli
1309 1655 1424 1750 mm·
1474 1658 1604 1732 Postea
1621 1663 1770 1756 ponitur
1787 1667 1982 1758 gratulatio
2000 1667 2175 1748 victoriae,
2194 1665 2257 1760 quod

281 1776 366 1845 erga
382 1776 432 1838 se,
446 1763 487 1822 ut
498 1757 597 1823 nunc
608 1777 753 1847 quoque
768 1765 893 1846 pergat
908 1753 999 1823 benc
1016 1751 1148 1822 mereri
1163 1753 1207 1821 de
1222 1775 1272 1835 se,
1322 1760 1471 1832 feliciter
1487 1758 1627 1835 bostem
1644 1765 1807 1838 reiecerit
1822 1770 1867 1840 ab
1881 1766 2085 1842 Antiochia.
2122 1768 2181 1838 Sed
2192 1789 2256 1860 prae

280 1863 321 1924 ac
339 1878 470 1924 ornare
485 1879 567 1926 suas
580 1879 637 1924 res
652 1869 779 1948 gestas.
829 1854 953 1924 Prima
975 1855 1068 1925 ratio
1089 1853 1273 1946 petitionis
1324 1863 1435 1934 mittit
1450 1866 1681 1957 gratulationi
1694 1869 1940 1942 laudationem
1963 1871 2171 1966 generalem,
2197 1892 2258 1938 un

280 1970 423 2050 sumpta
444 1969 531 2028 esta
547 1957 660 2028 facili:
688 1957 823 2029 Consul
838 1981 892 2039 es:
919 1955 1028 2050 igitur
1041 1957 1144 2028 facile
1160 1970 1273 2051 potes.
1325 1991 1394 2061 que
1410 1969 1555 2038 brevem
1572 1971 1824 2064 epistolarum,
1851 1999 1943 2072 quae
1962 1977 2122 2045 inventae
2135 1985 2201 2044 sunt
2211 1991 2258 2039 cer·

150 2069 157 2078 '
280 2057 443 2131 Secunda
459 2083 481 2130 a
497 2061 604 2133 rebus
620 2060 737 2154 gestis.
1324 2070 1369 2139 tis
1385 2081 1420 2138 et
1434 2073 1642 2146 necessariis
1659 2075 1702 2144 de
1719 2077 1845 2150 causis.
1896 2077 2037 2148 Deinde
2060 2075 2189 2170 ponitur
2204 2095 2258 2142 con

595 2243 606 2264 .
670 2243 680 2264 ‚
803 2243 813 2262 ,
1324 2169 1465 2258 silium,
1492 2198 1539 2244 an
1554 2174 1709 2248 Romam
1726 2202 1923 2272 properare
1944 2181 2089 2265 debeat,
2112 2177 2210 2248 addita
2221 2197 2259 2264 pe

447 2239 636 2318 s⁰h⁰¹¹⁸
669 2269 714 2315 ¹¹¹
741 2243 989 2337 el³¹⁵l⁰¹³¹¹¹¹
1016 2239 1109 2316 XIV·
1325 2273 1473 2360 titione,
1498 2290 1539 2348 ut
1556 2279 1640 2350 eiin
1655 2281 1842 2374 provincia
1857 2285 2078 2356 succedatur.
2121 2281 2259 2352 Postremo

361 2447 367 2460 ,
384 2377 416 2473 ὃ
433 2388 471 2456 2.
500 2386 553 2454 ru
567 2383 682 2454 multis
694 2386 734 2452 de
748 2377 944 2479 eamcam]
959 2380 1174 2473 Principalis
1190 2405 1274 2474 pro·
1326 2377 1426 2447 addit
1447 2377 1546 2470 signa
1569 2394 1605 2452 et
1625 2398 1836 2476 argumenta
1864 2389 2094 2458 confirmatae
2121 2379 2260 2452 amicitiae.

218 2533 220 2538 -
280 2483 411 2578 positio
428 2481 534 2556 huius
549 2485 732 2576 epistolae,
758 2485 816 2556 cui
831 2484 972 2554 additae
985 2495 1069 2555 sunt
1084 2484 1253 2556 rationes.
1324 2476 1366 2548 ln
1382 2481 1452 2551 fine
1468 2495 1521 2555 est
1535 2480 1740 2558 adhortatio
1755 2475 1874 2562 brevis
1889 2492 1938 2560 ad
1954 2490 2177 2562 scribendum·

385 2583 416 2678 ὃ.
433 2583 471 2660 6.
495 2591 618 2658 Deme
633 2583 764 2685 auem]
789 2586 945 2673 Petitio,
969 2599 1010 2658 ut
1030 2588 1091 2657 det
1112 2610 1274 2680 operam,
1533 2649 1537 2663 ,
1634 2654 1644 2673 ,
1944 2583 1948 2590 ’

281 2712 354 2784 quo
371 2689 440 2766 sihi
456 2691 678 2762 sumatur·
1004 2747 1005 2752 Ἰ
1573 2652 1710 2728 Aliud
1742 2672 2072 2770 argumentum.

721 2795 723 2803 ’
1426 2783 1611 2882 Principio
1643 2789 1793 2886 ponitur
1821 2793 2043 2887 propositio,
2084 2813 2165 2888 quac
2190 2781 2260 2858 hahet

297 2965 300 2972 ⁴
628 2969 638 2994 ὁ
1324 2884 1640 2976 pollicitationem:
1666 2892 1810 2966 Lubens
1827 2895 2050 2968 benefaciam
2059 2893 2172 2978 Fabio,
2189 2910 2259 2986 quen

381 2975 495 3050 Mixto
512 2989 565 3049 est
581 2979 731 3071 epistola
749 3002 792 3047 ex
817 2977 925 3048 variis
947 2979 1066 3052 rebus.
1116 2977 1196 3050 Hoc
1220 2993 1274 3050 ta·
1324 2984 1415 3057 mihi
1431 2996 1702 3072 commendasti.
1751 2997 1860 3068 Ratio
1875 3013 2018 3094 sumpta
2036 3011 2086 3069 est
2104 3019 2122 3066 a
2142 3011 2261 3088 persona,

280 3107 367 3154 men
395 3080 587 3186 praecipue
615 3079 709 3172 agit,
748 3081 846 3176 quod
876 3080 1036 3153 Cassium
1060 3079 1273 3166 Antiochiae
1325 3093 1536 3184 quodvetus
1550 3099 1597 3168 sit
1611 3099 1759 3171 amicus.
1803 3100 1975 3196 Sequitur
1991 3091 2259 3192 alterapropositio

281 3185 499 3279 praefectum
512 3177 699 3268 hortatur,
721 3196 763 3254 ut
778 3183 845 3252 iter
854 3182 1012 3254 Romam
1029 3184 1137 3254 eundi
1154 3187 1273 3256 oblata
1323 3195 1474 3285 figurata
1488 3210 1593 3272 ,0203
1621 3200 1789 3294 optarim
1804 3205 1927 3276 multis
1946 3205 1993 3276 de
2011 3203 2139 3286 musis,
2165 3211 2198 3270 u,
2213 3215 2260 3265 mg

282 3282 468 3358 ⁰⁰⁰³⁸l⁰¹¹0
491 3283 653 3375 ateiFial·
713 3280 859 3378 Initium
881 3286 1273 3374 conticueramus,
1325 3322 1405 3366 cum
1418 3299 1555 3373 fuisses.
1587 3302 1760 3378 Rationes
1775 3308 2035 3400 propositionis
2048 3317 2186 3401 quatuor
2198 3309 2259 3372 suut·

283 3413 356 3484 qua
373 3400 496 3478 argute
515 3387 710 3456 admodum
728 3397 763 3454 et
779 3386 1004 3458 familiariter
1019 3391 1213 3480 respondet
1226 3394 1272 3461 ad
1323 3399 1462 3473 Deinde
1494 3405 1640 3476 additur
1669 3410 1714 3478 de
1746 3433 1815 3482 usu
1844 3411 2077 3502 epistolarum
2106 3402 2259 3501 praecipuo.

283 3491 465 3586 quandam
488 3487 837 3559 commendationem
861 3513 928 3582 pro
951 3489 1065 3560 Fabio
1090 3491 1273 3584 scriptam,
1324 3526 1405 3572 cum
1422 3520 1627 3597 praesentes
1644 3533 1718 3582 em
1733 3535 1810 3584 non
1823 3512 1944 3599 liceat,
1964 3515 2062 3610 quod
2074 3506 2258 3584 numisma„

282 3617 463 3688 exponens
483 3616 586 3663 suam
610 3615 691 3682 erga
716 3590 869 3662 Fabium
890 3593 1190 3666 benevolentiam.
1239 3598 1274 3666 A
1325 3606 1438 3675 animi
1452 3609 1507 3680 sui
1522 3611 1745 3684 voluntatem
1765 3617 1948 3689 declarate
1965 3617 2062 3690 vem·
2109 3611 2260 3687 powg,

282 3696 490 3767 narratione
520 3717 585 3788 per
609 3693 869 3788 praecisionem
894 3697 1094 3788 digreditur
1116 3697 1163 3766 ad
1186 3697 1272 3768 alte·
1324 3710 1532 3799 consilium,
1558 3716 1657 3809 quod
1671 3715 1746 3810 ipse
1761 3719 1892 3792 sentiat
1907 3721 1952 3792 de
1968 3721 2120 3792 adventu
2133 3703 2258 3790 cggfiad

281 3822 362 3869 ram
389 3811 530 3888 partem
562 3798 753 3890 epistolae,
792 3822 902 3892 quam
932 3800 1114 3872 orditura
1140 3800 1271 3872 causis:
1322 3814 1462 3888 urbem,
1510 3813 1684 3912 Epflogffi
1699 3820 1860 3896 00an
1874 3823 2097 3916 petitionem,

280 3901 477 3994 Propterea
495 3899 617 3992 optavi
633 3899 793 3972 Cassium
810 3901 948 3970 Rornae
962 3900 1165 3974 convenire.
1203 3901 1273 3972 Ve-

280 4027 362 4076 rum
387 4003 473 4097 quia
495 4001 532 4072 id
555 4025 631 4071 non
656 4001 822 4093 contigit,
859 4002 987 4074 litteris
1013 4004 1270 4096 conficiendum
1474 4004 1804 4098 Argumentum
1830 4008 2062 4103 epistolae
2086 4003 2155 4080 XV.

281 4130 356 4180 csse
370 4103 492 4178 Cassio
509 4105 643 4178 scribit.
700 4104 768 4176 Hic
789 4105 914 4196 paucis
934 4105 1135 4196 gratulatur
1150 4105 1272 4178 Cassio

280 4219 430 4302 propter
454 4208 607 4300 gloriam
625 4231 746 4278 rerum
770 4219 962 4299 gestarum.
1011 4206 1151 4279 Deinde
1172 4209 1272 4301 prin-

281 4313 431 4405 cipalem
446 4309 731 4404 propositionem
747 4309 867 4403 ponit:
894 4308 1042 4396 Moneo,
1065 4309 1269 4392 utRomam

281 4438 464 4510 properes.
515 4411 624 4483 Ratio
645 4412 691 4482 ab
712 4411 1000 4504 opportunitate:
1030 4412 1124 4507 Quia
1151 4437 1191 4483 ea
1214 4437 1272 4486 res
1540 4413 1677 4486 Aliud
1709 4431 2025 4510 argumentum
2039 4415 2098 4516 ⁰²).

281 4539 450 4610 magnam
472 4514 538 4586 tibi
558 4513 700 4586 landem
724 4513 852 4607 pariet.
916 4513 1087 4610 Sequitur
1107 4515 1272 4588 adversa-
1424 4548 1564 4643 scripta
1579 4545 1736 4622 estham
1758 4553 1906 4647 epistola
1930 4555 1970 4627 in
1990 4555 2084 4628 beno
2110 4547 2257 4639 ἀνι-Πρω

281 4618 373 4690 tiva:
397 4617 533 4690 Verum
547 4617 579 4689 si
591 4616 678 4712 quid
695 4617 872 4690 existimes
891 4617 1042 4711 periculi
1064 4617 1272 4711 impendere
1322 4651 1456 4724 victum
1472 4677 1493 4724 a
1508 4652 1659 4725 Caesare
1673 4654 1889 4750 pompeium
1903 4657 1943 4730 in
1957 4656 2152 4742 Tamna,
2178 4663 2204 4722 e,
2214 4647 2255 4717 gg,
2281 4659 2282 4730 p

180 4792 186 4803 ,
224 4745 230 4750 ·
281 4719 352 4792 tuis
372 4720 478 4793 rebus
499 4743 519 4788 e
539 4719 876 4806 calumniatoribus,
915 4743 1029 4815 caque
1059 4722 1272 4814 propulsare
2281 4731 2282 4788 l

175 4890 176 4894 ,
281 4846 461 4918 nequeas,
485 4822 596 4893 satius
612 4835 665 4894 est
679 4822 824 4894 differre
845 4822 1122 4915 profectionem:
1156 4824 1188 4896 si
1209 4847 1272 4894 au·

280 4941 353 5000 tem
367 4937 470 5019 potes
483 4925 716 5017 propulsare,
740 4924 1004 5019 suscipiendum
1018 4937 1071 4997 est
1087 4926 1167 4997 iter.
1217 4921 1270 4995 lta
1355 4922 1558 5045 ammi·
1579 4921 1623 4976 ⁸¹⁰
1644 4923 1695 4978 Μ·
1715 4924 1810 4994 Μή
1842 4925 1873 4980 ¹¹¹
1895 4927 1982 4982 Ulti-
1996 4927 2088 4992 Μ,
2109 4925 2187 4992 ¹⁵l¹e
2204 4898 2282 4970 ’Ψ

222 5055 225 5063 Ι
283 5083 490 5104 ......-..
1354 5077 1405 5138 us)
1422 5077 1493 5129 liuto
1507 5078 1572 5130 vool
1588 5077 1617 5129 tn
1634 5077 1720 5134 natet
1736 5080 1823 5144 tots„
1842 5081 1918 5136 κω,
1936 5083 2057 5146 pm„
2072 5081 2132 5134 mg
2146 5074 2185 5129 0„
2197 5065 2254 5120 „m
2281 5067 2282 5102 3

312 5162 364 5224 ti)
381 5160 438 5212 Pro
460 5157 505 5210 tels
528 5153 588 5210 Clo.
609 5153 703 5206 verbis
724 5151 755 5204 iu
777 5151 863 5207 nutet
882 5153 977 5220 tub,
1001 5151 1078 5205 tm.
1100 5153 1163 5206 bulo
1185 5155 1271 5208 notus
1388 5146 1434 5209 (S.
1449 5147 1504 5208 ωε
1521 5146 1738 5214 metumque,
1754 5149 1853 5211 nonos
1867 5151 1897 5202 tn
1913 5153 1965 5208 ιη,
1978 5151 2053 5208 Μ
2067 5151 2094 5202 ς,
2109 5136 2254 5212 ..muetos
2281 5193 2282 5234 ἦ

582 2837 981 2938 Argumentum⁸⁴).

1424 4151 1671 4256 Expositiof')
1691 4155 1923 4232 consiliorum
1938 4159 2116 4234 Ciceronis
2136 4167 2166 4229 cl
2182 4141 2257 4224 Cassi

1323 4257 1363 4331 in
1376 4258 1472 4330 bello
1490 4259 1597 4334 civili·

344 5231 472 5296 proetus
487 5227 554 5279 sunt
570 5221 777 5276 assummum
800 5223 905 5288 tregue
921 5235 1105 5289 memsam.
1389 5217 1582 5280 aramentum
1600 5219 1645 5268 est
1660 5217 1840 5282 sppostsum..

184 5303 188 5312 ’
310 5305 1271 5379 maunguenunumoeemcuuuuscnso.,nss
1352 5289 2255 5376 tnfloougrmtmsnufflffimmwsss

277 5377 280 5384 ’
342 5380 466 5432 -ΙΜ,
484 5377 605 5430 umi-
1389 5372 1510 5426 -lm
1528 5373 1699 5426 mittentur.
