4548 5788
243 117 352 262 m·
834 179 958 254 effla.
988 175 1104 252 lma
1135 173 1343 252 sctum
1369 173 1709 252 unumunurm
2176 187 2226 260 aaa

243 387 314 456 que
330 383 437 432 causa
454 371 507 432 cst
524 371 561 430 te
577 355 775 430 insectandi
792 351 1093 446 erimioandique.
1144 347 1243 420 ttctt·
1295 349 1359 446 qui
1374 349 1519 444 viperae
1534 351 1690 422 similior
1702 351 1767 436 sit,
1799 371 1908 448 quem
1930 345 2082 434 homini,
2111 351 2231 440 inciditis,

243 489 356 559 quum
388 475 441 534 cst
471 461 600 554 igitur,
640 460 670 531 si
694 458 797 529 vobis
820 453 912 528 nihss
937 455 1067 528 abillo
1091 453 1242 548 periculi
1293 475 1340 524 nc
1361 465 1562 546 expectate,
1603 455 1718 525 donec
1741 453 1899 548 aliquem
1925 455 2101 535 mordeat,
2128 458 2176 524 sed
2192 460 2256 528 ubi*

244 567 399 659 amplius
414 589 487 636 esse
503 565 631 649 vultis,
665 585 746 633 cum
768 561 864 654 leges
884 583 949 632 vos
974 567 1242 642 commoneant,
1293 553 1452 650 primum
1477 557 1695 644 occurrerit,
1727 579 1863 650 poenas
1886 557 1959 629 det.
2019 555 2177 650 Lyeurgus
2192 557 2256 632 roa*

244 670 350 764 quale
366 669 405 738 in
420 693 501 738 eum
519 665 720 761 exemplum
736 675 893 736 statuere
909 661 1081 746 debeatis,
1103 673 1145 730 ut
1158 683 1243 730 eum
1294 683 1358 752 per
1372 660 1558 730 Palladem
1579 673 1616 731 ct
1629 673 1782 730 matrem
1799 656 1963 732 Deorum
1979 660 2153 732 obseura
2165 661 2234 757 δι’),

243 771 387 865 capitali
400 770 576 864 supplicio
586 769 618 868 ¹)
635 767 816 853 afficiatis,
841 780 904 838 aut
919 765 949 840 si
970 791 1011 836 ea
1025 785 1144 857 poena
1165 785 1242 832 nou
1294 785 1360 855 cgo
1376 787 1463 832 vero
1477 787 1543 835 vos
1555 787 1622 857 per
1639 763 1820 834 maiorum
1845 775 2046 834 vestrorum
2066 763 2182 854 egregia
2197 766 2234 832 da
2255 747 2256 822 i

128 915 130 922 ⁴
242 875 380 968 placet,
423 885 562 944 uotam
586 873 759 943 muletam
783 869 928 953 dicatis,
970 877 1143 964 quantam
1165 887 1242 934 non
1294 887 1378 937 cora
1395 867 1576 952 obtestor,
1601 889 1757 962 quorum
1771 866 1987 936 memoriam
2002 865 2081 936 ideo
2098 865 2179 935 nulla
2194 891 2235 936 uu

242 975 355 1068 possit
368 976 590 1068 persolvere;
621 999 739 1070 neque
764 973 860 1043 enim
884 973 989 1044 aliter
1008 969 1169 1064 unquam
1197 969 1244 1043 ab
1295 993 1403 1066 quarn
1420 969 1553 1040 delebit
1576 971 1734 1054 oblivio,
1760 970 1845 1065 quia
1867 969 1918 1038 ita
1942 979 2118 1062 gesseruut
2135 991 2235 1060 rcrnpn
2255 969 2256 1034 1

240 1080 306 1150 illo
330 1079 579 1150 liberabimur.
641 1077 735 1151 Nam
759 1100 826 1169 pro
849 1075 1057 1146 diversitate
1079 1071 1241 1166 ingenio·
1293 1072 1424 1142 blicam
1446 1095 1521 1143 uon
1545 1085 1586 1144 ut
1609 1097 1690 1144 curn
1715 1072 1892 1168 improbis
1916 1071 2147 1154 colluderent,
2172 1095 2236 1165 syra

240 1205 325 1254 rum
344 1181 407 1252 alii
422 1183 526 1252 aliter
545 1183 725 1252 mactandi
745 1191 841 1250 aunt.
900 1178 974 1273 Qui
996 1175 1093 1246 enim
1117 1171 1242 1244 mode·
1293 1171 1449 1268 phaetas
1462 1177 1619 1261 alerent,
1645 1175 1709 1271 qui
1723 1177 1856 1248 civium
1873 1175 1956 1245 odia
1974 1173 2256 1264 interipsnserd

241 1285 329 1355 ratis
350 1284 502 1377 ingeniis
518 1297 622 1368 sunt,
648 1307 713 1359 sua
733 1294 863 1376 sponte
882 1296 977 1352 recte
998 1279 1155 1363 iaciunt,
1181 1277 1244 1346 alii
1294 1291 1433 1363 tarent,
1475 1292 1729 1374 acuerentque.
1787 1279 1858 1350 Sed
1889 1301 1971 1348 eum
2005 1301 2048 1347 er
2076 1276 2237 1356 oratoribus,

242 1388 459 1472 deteriores,
501 1411 592 1482 quos
623 1399 746 1456 mmeu
773 1387 886 1478 pudet
911 1385 1031 1478 palam
1056 1381 1244 1474 improbos
1294 1393 1372 1450 turn
1398 1402 1442 1451 cr
1475 1382 1626 1475 privatis
1655 1407 1735 1466 eos,
1777 1385 1841 1478 qui
1862 1379 2018 1452 modesti
2045 1403 2084 1449 ac
2105 1377 2236 1472 tranquilli

241 1491 385 1576 vocari,
412 1491 497 1586 quia
511 1503 612 1560 metu
626 1489 746 1582 legum
764 1503 800 1559 et
815 1489 985 1558 infamiae
998 1483 1243 1567 continentur,
1295 1495 1419 1568 erant,
1443 1480 1584 1556 honore
1599 1485 1820 1571 alliciebant,
1855 1484 2044 1578 improbos
2058 1494 2092 1552 et
2107 1483 2238 1552 turbulrn

241 1617 390 1687 peccare
414 1606 554 1665 cavent.
603 1591 827 1664 Deterrimos
851 1615 938 1662 vero
963 1590 1065 1674 illos,
1094 1599 1130 1656 et
1151 1609 1243 1682 «pros
1294 1597 1350 1657 tos
1366 1588 1519 1658 oderam
1534 1601 1571 1660 et
1585 1587 1805 1681 puniebant,
1828 1599 1865 1658 et
1879 1587 1975 1656 inter
1989 1611 2027 1657 se
2043 1585 2175 1667 virtute,
2193 1605 2238 1652 non

241 1709 375 1770 vocant
389 1697 671 1783 consceleratos,
694 1707 853 1780 constat,
879 1717 954 1763 nou
968 1691 1039 1763 nisi
1058 1689 1243 1782 suppliciis
1295 1689 1388 1760 odiis
1421 1703 1485 1762 aut
1516 1691 1621 1763 malis
1653 1691 1790 1764 artibus
1823 1691 2021 1761 certabant.
2092 1685 2256 1767 Postremo„

207 1791 212 1802 ⁸
242 1796 424 1874 coherceri
456 1823 574 1893 posse.
649 1801 699 1869 At
730 1795 1011 1894 Aristogiton&
1046 1793 1097 1862 ita
1115 1791 1245 1862 ⁸vineit
1295 1817 1409 1864 uuum
1428 1789 1500 1864 hoe
1521 1795 1712 1881 adiiciam,
1745 1819 1826 1866 cum
1848 1793 1990 1864 exibitis
2012 1815 2032 1862 c
2053 1789 2160 1875 curia,
2178 1789 2239 1858 vide·

242 1929 369 1977 ornnes
389 1904 644 1997 improbitate,
672 1914 715 1972 ut
728 1925 775 1971 uc
791 1899 937 1996 qraidem
956 1897 1061 1969 toties
1078 1893 1244 1966 admoui*
1293 1895 1386 1966 bunt
1398 1919 1468 1970 vos
1480 1909 1516 1968 et
1529 1899 1779 1991 magistratus,
1811 1909 1848 1967 et
1861 1893 2044 1989 hospites,
2070 1903 2104 1963 et
2116 1894 2202 1975 eires,
2218 1901 2239 1959 ct

243 2023 301 2080 tus
320 2007 523 2100 resipiscat;
564 2029 640 2074 uon
672 2006 768 2076 euim
798 2003 930 2076 desiuit
956 2003 1081 2072 eadem
1105 1997 1243 2090 flagitia
1294 1997 1531 2071 intuebuntur
1547 2001 1727 2094 singulos,
1752 2012 1789 2071 et
1806 2022 1849 2071 er
1864 2001 1943 2092 ipso
1960 1997 2037 2069 oris
2058 1991 2171 2066 habitu
2188 2019 2239 2064 eon

241 2111 393 2195 iterare,
426 2121 462 2180 et
482 2120 657 2202 tanquam
678 2107 726 2178 ad
748 2109 901 2178 eamdem
923 2105 1080 2199 lapidem
1101 2101 1245 2194 saepius
1294 2099 1467 2174 iecturanr
1499 2104 1632 2175 iacient
1664 2106 1711 2176 de
1736 2099 1812 2189 bis,
1852 2102 1916 2199 qui
1943 2097 2044 2173 hunc
2066 2097 2239 2172 absolverint

242 2214 455 2307 impingere.
507 2211 656 2306 Quanto
671 2224 791 2284 amem
811 2209 925 2281 levius
946 2217 1131 2303 peecatum
1153 2215 1244 2289 erat,
1295 2203 1394 2298 Quid
1418 2206 1529 2299 igitur
1547 2207 1691 2294 dicetis,
1731 2231 1812 2277 cum
1842 2206 2036 2300 prostratis
2063 2217 2097 2274 ct
2123 2199 2239 2296 proiecti

244 2319 343 2412 quod
376 2315 481 2385 initio
512 2312 682 2400 admisit,
725 2313 952 2406 rogationem
987 2321 1112 2381 contra
1147 2307 1243 2400 lcgcs
1294 2308 1432 2400 legibus
1454 2309 1594 2382 exibitis
1615 2309 1654 2380 in
1675 2307 1887 2404 publicum?
1920 2333 1996 2404 quo
2017 2307 2134 2390 vultu,
2156 2305 2239 2400 quibus

122 2469 134 2495 ,,
242 2421 357 2504 ierne,
382 2430 420 2488 et
433 2443 506 2514 quo
522 2414 612 2488 haec
627 2418 795 2510 graviora
808 2429 911 2502 sunt,
946 2436 1133 2496 accusare,
1164 2433 1243 2480 ver·
1295 2412 1408 2484 oculis
1435 2413 1525 2484 alios
1559 2414 1785 2510 adspicietis,
1827 2423 1891 2482 aut
1915 2436 1991 2507 quo
2018 2433 2081 2481 ore
2106 2404 2240 2480 rursusin

243 2523 317 2596 sari
331 2523 370 2592 in
386 2524 489 2607 foro,
515 2520 749 2604 calumniari,
783 2518 1000 2603 oouradari,
1033 2512 1243 2599 conviciari,
1294 2517 1440 2603 aedem,
1466 2513 1530 2587 ubi
1551 2517 1670 2610 legum
1692 2516 1835 2588 tabulae
1855 2527 1957 2599 sunt,
1990 2511 2129 2606 ingredi
2145 2506 2241 2582 andeli

242 2625 444 2718 periculum
474 2623 601 2716 capitis
625 2618 847 2708 machinari,
887 2641 1055 2693 accusare
1077 2615 1243 2712 perduel-
1294 2617 1358 2703 tis,
1385 2642 1541 2716 quarum
1559 2621 1656 2692 salva
1673 2619 1849 2691 autoritas
1866 2641 2030 2690 essenon
2044 2615 2181 2710 poterit,
2200 2610 2240 2682 nisi

242 2729 374 2814 lionis,
413 2727 627 2798 maledicere
648 2721 809 2798 honestis
829 2725 986 2809 civibus,
1024 2735 1133 2818 atque
1154 2717 1243 2791 haco
1293 2743 1391 2792 nune
1407 2747 1466 2794 eas
1482 2723 1738 2796 defenderitis?
1786 2723 1984 2817 Quomodo
2000 2721 2041 2790 in
2054 2743 2163 2790 arcem
2176 2713 2240 2786 nori·

172 2909 179 2916 ,
242 2833 360 2904 oeus
393 2856 495 2916 eum,
522 2829 601 2926 ·qni
621 2829 698 2924 ipse
726 2829 772 2903 sit
801 2829 982 2914 aerarius,
1021 2851 1066 2897 eo
1097 2823 1244 2918 gravior
1294 2823 1394 2896 lunio
1415 2828 1613 2900 ascendetis
1636 2849 1705 2920 pro
1730 2825 1884 2898 civitatis
1905 2835 2003 2896 statu
2031 2847 2128 2896 sama
2146 2817 2241 2898 iactari,

243 2959 361 3028 poena
379 2933 514 3006 iocum
538 2934 708 3006 constitui
728 2931 845 3006 debet.
904 2932 1010 3004 trane
1030 2929 1128 3000 enirn
1151 2927 1243 2998 velle
1295 2953 1376 2998 cum
1392 2929 1593 3022 cogitabitis
1610 2953 1693 3018 vos,
1718 2943 1754 3001 et
1773 2929 2048 3012 iusiurandum,
2081 2939 2115 2998 et
2133 2921 2241 3018 publio

245 3038 472 3110 admonitum
494 3035 696 3124 dimittere,
721 3035 860 3110 insania
877 3048 949 3121 est,
976 3033 1040 3131 qui
1055 3057 1136 3106 oum
1150 3055 1244 3104 nun-
1295 3033 1433 3104 tabulas
1448 3033 1501 3104 ibi
1514 3035 1671 3128 positas,
1697 3033 1882 3130 inquibus
1899 3043 1934 3102 et
1948 3029 2030 3116 hic,
2063 3043 2097 3102 et
2110 3026 2241 3115 huiuspt·

189 3233 198 3242 ἱ
245 3164 355 3236 quarn
373 3141 508 3211 fractus
525 3140 663 3233 impetu
677 3139 817 3235 populi,
844 3163 917 3234 quo
934 3136 1243 3230 castigarisolent,
1294 3147 1350 3206 ter
1367 3136 1619 3236 praescripti⁶)
1636 3147 1738 3222 sunt,
1763 3133 1940 3208 violasse?
1987 3135 2087 3230 Quid
2101 3128 2241 3225 responde·

245 3242 310 3339 qui
337 3242 472 3313 civitati
493 3243 635 3314 molesti
658 3257 760 3330 sunt,
787 3244 949 3328 cesserit,
981 3240 1116 3314 scilicet
1136 3240 1243 3310 unius
1294 3238 1404 3310 bitis?
1430 3241 1462 3312 si
1479 3242 1558 3336 quis
1574 3264 1656 3326 eos,
1679 3239 1746 3335 qui
1761 3235 1859 3310 hunc
1872 3239 2123 3323 absolverunt,
2144 3253 2240 3305 causat

245 3345 395 3416 alieuius
426 3345 544 3416 verbis
574 3346 764 3440 castigatus
787 3346 923 3416 rediret
951 3347 997 3415 ad
1027 3340 1243 3416 sanitatem?
1294 3341 1349 3412 sui
1367 3341 1491 3412 iudicii
1507 3343 1723 3436 interroget,
1747 3368 1835 3413 num
1852 3343 1995 3436 placere
2013 3367 2093 3414 eum
2115 3338 2197 3410 vobis
2212 3331 2242 3403 di·

244 3445 510 3519 immedicabile
527 3449 670 3530 ‚malum
693 3463 764 3535 est,
789 3449 903 3535 cives,
936 3445 1043 3519 huius
1070 3445 1243 3538 improbi·
1295 3441 1405 3516 cetis?
1455 3443 1586 3517 At'hoc
1606 3469 1713 3516 nemo
1731 3447 1851 3516 dicere
1867 3446 2031 3527 audebit;
2065 3467 2163 3514 uerno
2183 3436 2240 3508 enin

244 3564 312 3624 tas.
370 3551 492 3646 Quare
515 3550 607 3624 sicut
630 3551 800 3650 mediei³)
825 3553 943 3625 solent
966 3573 1155 3634 cancrum,
1181 3561 1244 3619 aut
1294 3549 1333 3616 in
1347 3547 1554 3620 societatem
1575 3549 1749 3621 scelerum
1763 3548 2022 3641 'Aristogitonis
2044 3571 2172 3619 summa
2193 3562 2240 3610 cun

245 3651 514 3750 phagedaenam
542 3670 577 3726 ct
599 3657 750 3741 similia,
785 3681 877 3752 quae
900 3655 1020 3727 curari
1042 3649 1147 3722 aliter
1166 3677 1242 3722 non
1294 3651 1518 3743 turpitudine
1534 3653 1658 3723 venire
1674 3654 1783 3725 volet.
1834 3651 1954 3724 Nemo
1967 3676 2045 3722 non
2062 3637 2241 3721 volctvidert'

244 3771 415 3852 possunt,
440 3781 545 3830 urere
563 3771 625 3830 aut
639 3761 819 3830 excidere:
853 3759 901 3830 ita
927 3769 1071 3851 oportet
1091 3771 1127 3826 et
1149 3750 1243 3828 hano
1294 3753 1393 3824 illurn
1410 3779 1474 3826 sua
1490 3757 1664 3827 sententia
1680 3757 1871 3848 iugulassc.
1922 3755 2043 3828 Nemo
2060 3779 2131 3824 non
2154 3767 2240 3845 quoae

244 3863 402 3932 belluam
419 3887 483 3932 vos
507 3865 719 3956 deportare,
752 3876 853 3933 etex
878 3863 967 3932 urbe
992 3859 1138 3945 eiicere,
1175 3881 1243 3930 nee
1294 3857 1497 3950 suspicione
1529 3859 1679 3946 liberet,
1723 3856 1956 3930 vehementer
1984 3870 2192 3928 execraturus
2212 3855 2239 3914 etl

245 3977 449 4058 expectare,
481 3965 568 4036 dum
593 3967 696 4037 vobis
717 3961 903 4049 nocuerit,
942 3965 1022 4054 scd,
1064 3984 1111 4032 nc
1142 3956 1243 4058 quoti
1294 3983 1373 4043 cos,
1415 3963 1477 4056 qui
1508 3963 1751 4034 absolverunt.
1824 3959 1960 4032 Verum
1991 3958 2085 4032 nihil
2116 3982 2190 4050 opus
2211 3959 2240 4018 tsi

244 4071 417 4140 damnum
433 4069 551 4167 ἀεί’),
576 4093 714 4140 cavere.
766 4068 818 4138 Ut
832 4067 929 4136 enim
946 4065 1111 4162 quamvis
1127 4069 1242 4136 nerni-
1293 4059 1467 4132 invidiam
1497 4079 1674 4151 metuere,
1715 4089 1796 4136 cum
1829 4089 2007 4138 summam
2039 4065 2176 4157 gratiam
2196 4051 2240 4122 eius

242 4197 326 4247 nem
341 4185 498 4243 vestrum
515 4172 652 4264 vipera,
676 4183 738 4242 aut
752 4169 985 4266 phalangium
1001 4168 1163 4253 laeserit,
1189 4182 1242 4238 ta·
1295 4166 1528 4237 damnatione
1545 4171 1641 4262 apud
1657 4187 1781 4240 omues
1798 4169 1891 4238 inire
1906 4168 2063 4261 possitis,
2089 4191 2159 4236 cum
2172 4161 2239 4232 citet
2255 4171 2256 4226 l

244 4299 330 4346 men
346 4275 524 4346 eiusmodi
541 4276 663 4344 omnia
683 4287 860 4346 venenata
876 4279 1064 4367 conspecta
1075 4265 1166 4342 onor
1187 4267 1243 4343 in'·
1293 4265 1555 4364 tum'hospites.
1604 4271 1698 4344 Nam
1713 4273 1940 4365 permanavit
1955 4273 2002 4342 ad
2016 4293 2135 4340 omnes
2147 4267 2239 4354 imptt

245 4379 421 4451 terlieitis:
458 4377 528 4463 ita,
561 4401 642 4448 cum
662 4379 702 4448 in
725 4379 943 4450 virulentum
969 4371 1241 4472 sycophantam,
1292 4373 1413 4444 bitatis
1429 4370 1535 4446 huius
1552 4376 1669 4460 fama,
1695 4399 1812 4470 neque
1829 4375 2021 4472 quisquam
2037 4387 2105 4458 est,
2128 4369 2178 4466 qui
2194 4381 2238 4432 [¹⁰¹¹

247 4522 454 4536 -—-—·--·
1293 4489 1330 4546 et
1351 4489 1452 4569 optet
1471 4479 1618 4548 liberari
1642 4479 1688 4548 ab
1711 4474 1779 4550 hae
1798 4492 1918 4572 peste,
1951 4491 1986 4548 et
2008 4477 2162 4548 omnibus
2179 4461 2236 4536 votis

281 4598 311 4656 ι)
330 4600 363 4649 ιι.
383 4597 401 4648 ι.
421 4599 450 4648 ιιι
467 4597 553 4652 nutet
573 4597 668 4666 toas,
687 4597 779 4666 tuos„
800 4596 875 4650 tato.
894 4597 962 4648 nata
978 4595 1113 4662 margin:
1125 4597 1241 4649 haenc.
1293 4592 1454 4673 expetat,
1480 4593 1521 4651 nt
1537 4581 1751 4678 supplicium
1767 4585 1811 4653 de
1825 4607 1870 4654 eo
1886 4582 2049 4654 sumatis.

278 4683 311 4743 η
328 4681 361 4734 n.
379 4685 399 4738 l.
416 4684 447 4734 ln
464 4685 550 4739 Mitt.
569 4685 664 4751 lm,
684 4683 760 4738 tunt.
778 4686 846 4736 notu
863 4683 997 4749 margine
1026 4682 1171 4747 Epilogus.

279 4769 312 4830 3)
329 4767 836 4836 tt.1.tn1tuttt.toat.,tttt⁷.nota
853 4769 989 4836 margia:
1014 4769 1188 4837 Similitud0'3
1211 4771 1241 4822 tn
1442 4807 1445 4815 .
1515 4801 1518 4808 =
1745 4779 1749 4786 '
2099 4817 2105 4830 ,
2187 4797 2194 4818 r
2255 4799 2256 4818 ι

314 4839 400 4892 uarat
420 4838 514 4908 nous„
534 4839 629 4904 rasa,
650 4839 725 4894 roso.
745 4840 849 4894 sanate.
1324 4819 1356 4878 ὅ)
1374 4819 1408 4869 ¹¹·
1426 4817 1446 4872 ¹·
1465 4818 1494 4870 ¹¹¹
1511 4817 1597 4870 Mlti·
1617 4819 1709 4888 wib,
1728 4819 1822 4886 racc,
1842 4819 1918 4875 ¹³⁷⁰·
1937 4824 2004 4874 [ποτε
2019 4829 2143 4884 mgna
2162 4805 2221 4862 “tit
2255 4819 2256 4910 l

279 4925 392 5048 olpgg]
408 4925 457 5045 ppt
472 4927 560 4982 eante.
579 4925 672 4996 rara,
691 4925 784 4992 rasa,
812 4927 896 4980 enata
916 4917 1241 4993 ram.,'taso,1sos-
1326 4913 1627 5060 ⁶³,222‘⁸,⁰,{‡{{¹,{‚,³¹⁰
1650 4925 1736 4980 ιιιιιι.
1756 4925 1966 4996 asar-assa,
1990 4919 2178 4983 raas-naara
2201 4904 2231 4960 Μ
2255 4947 2256 5002 t

1297 4739 1506 4754 *unu—ru·-

930 5224 997 5237 Η·
