4560 5792
238 185 316 268 tet
798 179 924 258 ertu,
956 169 1072 258 ΜΗ..
1104 179 1310 258 SCRMA
1339 115 1681 270 moetos.
2165 189 2219 270 m
2259 219 2260 270 q

239 351 477 455 fmsdamenta
492 354 696 428 firmissima
713 375 787 430 esse
805 367 969 449 oportet,
1002 355 1052 425 ita
1075 355 1240 449 negotio-
1291 355 1370 428 sine
1382 357 1452 426 line
1466 355 1582 449 parit:
1609 377 1676 427 nec
1691 355 1901 428 conceditur
1915 355 1965 428 eis
1978 358 2117 449 spatium
2134 363 2169 430 ad
2183 388 2225 436 sua

240 485 325 536 rum
339 459 443 530 initia
465 473 502 530 et
521 481 647 533 causae
669 483 775 530 verae
798 483 840 530 ac
861 459 975 532 iustae
1002 481 1076 532 csse
1097 460 1239 532 debent.
1291 457 1437 551 negotia
1471 459 1777 543 administranda,
1818 471 1882 530 aut
1912 483 1968 535 res
1992 484 2067 532 suas
2089 467 2228 560 orandas,

243 565 294 645 At
317 560 479 656 Philippi
499 587 557 636 res
577 564 683 654 longe
706 563 811 634 aliter
834 587 872 634 se
902 557 1050 634 habent.
1116 561 1239 658 Quare
1292 573 1356 632 aut
1386 563 1433 632 ad
1462 563 1688 634 collocandas
1711 575 1819 656 atque
1841 558 2081 634 distrahendas
2100 589 2147 636 res
2164 568 2228 638 bello

245 691 375 738 censeo
385 662 568 758 Olynthiis
581 664 714 736 auxilia
729 665 905 736 mittenda
919 689 1015 750 esse,
1041 689 1084 735 ae
1098 678 1240 738 senten·
1292 665 1489 758 quaesitas,
1515 690 1597 736 cum
1615 677 1764 758 propter
1778 665 1913 736 bellum
1930 667 2083 758 emporia
2102 667 2136 734 in
2149 667 2231 740 Mace

245 770 334 842 ῑίεω
342 770 566 862 probaturus
586 790 686 852 sum,
722 769 884 865 quisquis
907 769 1021 853 dicet,
1055 771 1240 863 quomodo
1292 765 1403 838 donia
1433 769 1552 840 clausa
1582 770 1666 842 sint.
1734 767 1828 838 Hinc
1854 766 1960 838 facile
1991 782 2042 840 est
2068 769 2231 854 existimare,

243 885 283 966 ‚et
296 874 433 964 optime
449 871 640 955 instructa,
673 883 708 940 et
732 872 1020 966 quamprimum
1042 871 1138 943 mitti
1158 895 1241 965 pos-
1292 871 1478 964 quomodo
1501 873 1657 964 populus
1674 869 1718 964 ¹in
1737 870 1954 942 Macedonia
1977 895 2059 964 erga
2072 868 2232 966 Philippum

245 975 331 1048 sint.
382 973 517 1046 Censeo
533 977 629 1044 etad
646 969 838 1046 Thessalos
861 976 1075 1046 mittendam
1096 999 1171 1046 esse
1192 976 1241 1046 le·
1292 973 1443 1044 affectus
1461 972 1519 1043 sit.

245 1078 452 1170 gerionem,
471 1101 564 1171 quae
579 1101 640 1148 eos
655 1079 750 1148 etde
769 1089 896 1148 nostro
918 1089 1095 1170 apparatur
1114 1077 1243 1148 certio·
1394 1073 1535 1146 Deinde
1563 1075 1725 1167 peditum
1753 1073 1942 1168 praecipui
1954 1071 2023 1170 ⁸¹),
2057 1075 2117 1146 etsi
2136 1077 2234 1167 praedi

245 1205 304 1252 res
317 1181 465 1264 reddat,
490 1192 526 1252 et
548 1181 594 1248 ad
618 1179 704 1248 belli
724 1179 929 1252 societatem
946 1177 1123 1256 hortetur.
1170 1180 1243 1252 De·
1294 1189 1423 1250 cantur
1439 1177 1639 1262 fortissimi,
1661 1190 1698 1249 et
1711 1177 1750 1248 in
1764 1201 1804 1248 re
1821 1177 1972 1249 militari
1987 1177 2088 1247 valde
2103 1179 2235 1248 exercitui

243 1295 439 1366 creverunt
454 1282 550 1352 enim
566 1282 723 1375 Pagasas
740 1296 921 1376 repetere,
948 1286 1042 1374 etde
1056 1282 1241 1376 Magnesia
1295 1303 1387 1366 esse,
1413 1292 1556 1366 mmen,
1582 1293 1624 1352 ut
1637 1304 1704 1373 ego
1720 1281 1843 1352 andivi
1856 1305 1899 1352 ex
1914 1282 2071 1376 quodam
2087 1280 2235 1350 Macedone

248 1411 329 1458 cum
339 1379 512 1477 Philippo
530 1385 766 1477 expostulare.
816 1385 869 1456 Ac
883 1387 1020 1471 videte,
1042 1411 1088 1458 ne
1102 1399 1243 1459 tantum
1294 1381 1375 1454 viro
1388 1384 1511 1475 gravi,
1537 1383 1601 1478 qui
1616 1407 1693 1453 non
1705 1385 1797 1455 solet
1811 1383 1980 1469 mentiri,
2011 1382 2135 1456 milites
2150 1383 2190 1452 illi
2202 1382 2237 1450 ui·

247 1490 358 1560 verba
373 1487 483 1580 legati
499 1488 607 1560 vestri
620 1489 821 1581 perferant,
846 1491 908 1562 sed
922 1503 964 1560 ut
978 1489 1117 1583 possint
1134 1490 1243 1560 etiam
1294 1481 1372 1556 hilo
1392 1486 1561 1556 meliores
1587 1484 1665 1558 aliis
1689 1499 1786 1558 sunt.
1845 1486 1885 1558 si
1907 1486 1973 1580 qui
1995 1486 2089 1556 enim
2107 1486 2184 1555 inter
2200 1509 2238 1554 sos

246 1613 307 1664 res
339 1592 547 1675 ostendere,
592 1593 691 1686 quod
724 1591 798 1662 iam
833 1593 1026 1666 eduxeritis
1058 1593 1244 1677 exercitus,
1295 1587 1448 1676 uirtute,
1475 1600 1511 1659 et
1525 1588 1579 1660 rei
1592 1588 1759 1660 militaris
1772 1587 1919 1661 scientia
1933 1589 2118 1674 excellunt,
2138 1585 2237 1670 bosut

249 1694 554 1789 quemadmodum
585 1695 676 1766 turbe
703 1707 821 1766 vestra
854 1695 1002 1787 dignum
1033 1708 1105 1780 est,
1144 1697 1245 1791 quod
1296 1691 1356 1760 ille
1379 1691 1542 1776 dicebat,
1573 1687 1763 1786 Philippus
1784 1715 1850 1784 per
1871 1692 2105 1764 ambitionem
2122 1703 2238 1762 exaucto

246 1797 384 1868 bellum
397 1795 596 1876 moveritis.
645 1796 741 1870 Nam
759 1797 877 1867 oratio
900 1797 976 1870 sine
1000 1798 1103 1869 lactis
1127 1799 1245 1872 inanis
1295 1805 1395 1867 ratos
1408 1794 1576 1880 dimittit,
1601 1795 1689 1865 dum
1704 1817 1767 1878 ea,
1790 1817 1884 1888 quae
1901 1795 2015 1886 gerit,
2040 1794 2152 1865 omnia
2165 1791 2239 1861 uideri

249 1912 320 1986 est,
354 1899 568 1993 praesertim
597 1898 653 1969 de.
673 1912 796 1970 nostra
827 1899 983 1974 civitate.
1042 1901 1126 1996 Quo
1147 1902 1244 1973 enim
1296 1898 1376 1970 vult
1390 1922 1456 1969 suo
1472 1897 1624 1969 consilio
1640 1921 1776 1993 suaque
1790 1897 1924 1968 virtute
1939 1921 2076 1990 gerere.
2121 1895 2162 1968 Et
2173 1917 2237 1986 prce·

248 2001 389 2074 maiore
406 2001 529 2072 animo
545 1996 687 2073 hostem
701 2002 933 2088 invademus,
964 2028 1007 2074 eo
1024 2003 1139 2096 magis
1153 2005 1245 2076 dilli-
1297 2012 1352 2071 ter
1373 2013 1513 2073 caetera
1533 1999 1623 2070 vitia
1650 1999 1888 2072 intolerabilia
1910 2014 1966 2074 est
1986 2001 2065 2074 eius
2082 1997 2240 2070 ambitiose

250 2106 339 2175 dent
354 2105 388 2174 ei
413 2128 550 2178 omnes.
609 2103 648 2174 Si
670 2129 779 2200 quem
802 2107 899 2176 enim
922 2107 1025 2178 vobis
1049 2107 1244 2202 adiungere
1295 2105 1477 2196 superbia.
1535 2102 1575 2173 si
1590 2103 1672 2200 quis
1686 2114 1807 2176 autem
1831 2103 1871 2173 in
1891 2103 1936 2176 iis
1961 2117 2020 2176 est
2040 2104 2140 2196 paulo
2158 2101 2239 2170 mole

249 2207 379 2293 vultis,
402 2229 572 2299 magnam
588 2207 826 2278 mutationem
843 2211 941 2301 apud
962 2235 1027 2282 vos
1048 2211 1246 2304 conspiciat
1296 2205 1406 2292 atior,
1447 2206 1506 2278 cui
1527 2229 1604 2276 non
1627 2206 1717 2278 libet
1737 2205 1900 2300 quotidie
1926 2229 2000 2276 una
2021 2202 2178 2288 helluari,
2201 2225 2241 2272 uu

249 2322 396 2405 oportet
418 2310 458 2380 in
481 2311 719 2395 conserendo,
752 2312 792 2381 in
811 2312 1116 2404 expeditionibus,
1144 2314 1245 2386 deni·
1296 2310 1494 2380 delectatur
1510 2308 1719 2380 temulentia
1736 2320 1772 2379 et
1785 2305 2058 2394 saltationibus,
2081 2303 2165 2380 hunc
2181 2326 2241 2397 sper·

249 2437 321 2510 que
345 2413 384 2483 in
405 2413 573 2486 omnibus
596 2415 703 2485 rebus
724 2428 892 2507 prompte
908 2416 1095 2490 obeundis.
1146 2417 1246 2488 llaec
1296 2411 1356 2498 ni,
1387 2425 1422 2482 et
1446 2411 1486 2483 in
1507 2413 1609 2484 nullo
1633 2413 1713 2482 loco
1738 2413 1836 2503 apud
1863 2435 1946 2482 eum
1971 2413 2183 2492 essetecum
2206 2406 2242 2477 sel

248 2511 280 2590 si
301 2515 509 2610 perficietis,
536 2519 843 2612 quemadmodum
868 2520 1057 2604 convenit,
1089 2541 1166 2590 non
1187 2545 1245 2592 so-
1296 2513 1492 2585 familiares
1507 2515 1541 2586 ei
1555 2515 1830 2600 suntlatrones,
1854 2513 1945 2612 et⁸¹)
1969 2527 2203 2595 assentatores,
2223 2519 2243 2576 et

247 2620 326 2692 lum
354 2618 534 2690 sociorum
564 2620 768 2693 voluntates
800 2644 884 2713 erga
907 2617 1118 2715 Philippum
1146 2623 1245 2694 laba·
1295 2612 1462 2688 homines
1475 2617 1631 2712 impuri,
1656 2617 1721 2713 qui
1741 2617 1833 2688 ebrii
1853 2617 2008 2705 saltare,
2042 2631 2078 2690 et
2088 2609 2243 2686 caeterala

248 2733 375 2808 ssent„
390 2724 454 2796 sed
470 2721 579 2792 etiam
596 2723 810 2796 domesticas
824 2725 919 2798 vires
933 2725 1092 2798 centiens
1104 2727 1246 2819 langui·
1297 2743 1376 2792 cere
1391 2734 1672 2806 consueverunt,
1698 2743 1791 2818 qnae
1806 2720 1998 2792 nominare
2013 2722 2132 2815 pudet.
2165 2717 2244 2808 Mqtt

249 2828 314 2897 das
328 2837 436 2920 atque
451 2824 580 2897 infidas
595 2849 681 2898 esse.
729 2825 822 2898 Nam
831 2826 1059 2900 Macedonici
1072 2830 1245 2902 exercituo
1296 2819 1386 2894 haec
1403 2847 1489 2894 vera
1502 2849 1578 2896 esse
1592 2825 1700 2916 plane
1715 2835 1867 2894 constat·
1920 2823 2171 2918 Compleetitur
2184 2817 2244 2888 enin

248 2941 391 3001 tantum
418 2929 541 3000 valent
568 2928 776 3022 appendicis
805 2929 903 3016 vice,
936 2931 1030 3003 sicut
1048 2929 1244 3004 Timotheo
1296 2925 1535 3020 nequissimos
1556 2923 1743 3011 homines,
1775 2949 1867 3020 qnos
1892 2921 1980 2997 hinc
2005 2925 2245 3020 expulimus,ul

245 3033 358 3116 duce,
397 3031 586 3104 nobiscum
618 3034 788 3105 adversus
817 3029 1012 3128 Olynthios
1042 3037 1245 3108 valuerunt.
1298 3028 1449 3102 Calliam
1466 3053 1608 3101 servum
1627 3029 1811 3122 publicum
1833 3041 1870 3100 et
1892 3029 2029 3102 similes
2049 3023 2244 3122 praestigiae

245 3133 387 3206 Deinde
423 3136 592 3206 adversus
619 3135 830 3208 Potidaeam
861 3138 1043 3208 coniuncti
1073 3139 1246 3212 exercitus
1296 3155 1355 3204 res
1370 3155 1412 3202 ec
1424 3133 1574 3219 mimos,
1599 3146 1637 3204 et
1649 3133 1912 3205 obscoenorum
1927 3131 2129 3204 carminum
2142 3126 2245 3217 scripte

247 3237 364 3309 nostri
378 3235 662 3310 etMacedonum
677 3239 785 3309 simul
797 3240 923 3311 invicti
934 3243 1094 3313 fuerunt.
1120 3242 1246 3339 Quod-
1297 3259 1375 3320 res,
1400 3259 1494 3330 quae
1509 3235 1549 3306 in
1562 3234 1757 3306 familiares
1771 3248 2017 3326 componunt,
2042 3248 2085 3306 ut
2097 3233 2244 3302 rideantur.

249 3365 320 3436 que
334 3358 432 3410 nunc
448 3333 639 3410 Thessalos
655 3341 891 3432 subegerunt,
917 3343 968 3412 ita
985 3345 1133 3430 accidit,
1160 3344 1245 3438 quia
1298 3338 1530 3433 Quamquam
1555 3352 1676 3410 autem
1697 3333 1787 3408 haec
1814 3337 1944 3433 aliquis
1960 3337 2059 3408 levia
2081 3361 2149 3408 csse
2168 3325 2245 3402 eristi·

247 3445 320 3538 ipsi
348 3441 444 3513 inter
474 3465 511 3514 se
532 3437 696 3514 Thessali
724 3445 993 3529 dissentientes,
1030 3445 1246 3518 adiuverunt
1297 3453 1393 3525 met,
1433 3453 1556 3512 tamen
1587 3440 1825 3534 prudentibus
1852 3440 2065 3534 gravissima
2088 3440 2177 3531 sigua
2194 3439 2246 3502 suut

248 3571 310 3620 eos
328 3548 699 3639 adversus-tyrannos.
745 3547 896 3640 Semper
913 3561 1034 3618 autem
1048 3548 1246 3643 quamlibet
1297 3543 1460 3635 perditae
1476 3544 1630 3630 menne,
1659 3556 1694 3615 et
1716 3543 1958 3636 impendentis
1981 3541 2094 3615 exitii.
2146 3537 2201 3610 Sed
2215 3545 2245 3600 tt·

247 3674 361 3744 parva
378 3649 533 3722 accessio
549 3648 747 3742 plurimum
760 3651 865 3721 affert
881 3641 1067 3724 momenti.
1298 3657 1388 3738 gunt
1428 3643 1518 3718 haec
1556 3647 1825 3742 aliquantisper·
1856 3659 2065 3738 praesentes
2098 3657 2244 3716 successus

349 3751 450 3846 Ipsae
467 3775 554 3823 vero
568 3751 807 3824 Macedonum
823 3778 959 3846 uesper
981 3779 1055 3826 sese
1080 3753 1245 3824 infirmae
1297 3771 1383 3818 nam
1399 3746 1608 3822 huiusmodi
1622 3749 1817 3820 domestica
1833 3748 1921 3818 vitia
1936 3749 2032 3820 soris
2046 3773 2102 3820 res
2116 3740 2244 3850 secundet

244 3855 405 3953 sunt⁷⁹),
432 3866 468 3924 et
487 3855 609 3926 mulh's
634 3855 900 3928 difficultatibus
921 3853 1125 3932 laborant,
1160 3851 1246 3928 Phi·
1299 3852 1504 3926 obscurant.
1553 3851 1602 3923 At
1619 3853 1810 3947 siquando
1828 3853 1862 3922 ei
1876 3852 2017 3946 aliquid
2039 3847 2171 3921 adversi
2188 3861 2245 3910 acu·

245 3959 367 4054 lippus
382 3957 478 4028 enirn
492 3982 568 4028 non
583 3958 721 4030 levibus
737 3960 879 4031 damnis
892 3960 1145 4031 Macedoniam
1161 3959 1247 4030 affe-
1297 3956 1378 4040 det,
1408 3969 1485 4028 tum
1500 3980 1587 4026 uero
1605 3955 1671 4026 ista
1687 3951 1906 4048 deprehensa
1923 3955 2121 4048 plurimum
2137 3950 2166 4020 ei
2177 3965 2245 4015 noe

246 4063 314 4148 cit,
338 4061 410 4133 illis
425 4061 512 4154 ipsis
527 4061 665 4146 modis,
691 4063 821 4156 quibus
834 4065 977 4134 videtur
991 4064 1104 4134 sactus
1118 4073 1245 4154 poten·
1296 4059 1405 4129 bunt:
1432 4058 1518 4130 acsi
1533 4057 1596 4128 Dii
1616 4057 1740 4130 volent
1760 4071 1797 4128 et
1818 4081 1902 4142 vos,
1927 4081 2035 4150 spero
2048 4059 2207 4131 futurum,
2222 4051 2245 4110 11²
2259 4081 2260 4114 ι

244 4167 338 4252 tior,
370 4166 536 4237 videlicet
557 4165 661 4237 bellis
685 4179 793 4261 atque
817 4166 1116 4260 expeditionibus.
1172 4165 1245 4238 Ne·
1295 4161 1398 4232 brevi
1412 4187 1449 4234 se
1463 4162 1663 4255 proferant.
1718 4161 1818 4232 Sicut
1832 4160 1928 4230 enirn
1944 4160 1984 4230 in
2001 4157 2260 4252 corporibusnt}

245 4295 315 4367 qne
337 4270 434 4342 enim
458 4281 581 4363 putate
603 4265 814 4362 Philippum
838 4284 874 4341 et
895 4269 1088 4364 populares
1116 4268 1243 4340 iisdem
1295 4263 1453 4364 stris⁸¹)‚
1493 4264 1634 4336 etiamsi
1662 4265 1761 4359 quod
1787 4275 1841 4336 est
1867 4264 2072 4342 membrum
2092 4259 2175 4331 male
2191 4248 2244 4360 ait

244 4377 353 4446 rebus
369 4374 536 4467 gaudere.
588 4369 651 4442 llle
668 4373 764 4442 enim
781 4373 934 4465 gloriam
950 4371 1188 4466 concupiscit,
1209 4386 1246 4444 et
1297 4380 1414 4454 ctum,
1441 4381 1563 4438 tamen
1578 4367 1740 4438 dolorem
1758 4389 1835 4437 non
1857 4367 1983 4452 affert,
2015 4368 2127 4437 donec
2149 4357 2243 4465 alioqu!

244 4473 369 4549 inhoc
384 4475 561 4548 incumbit
574 4499 708 4568 magno
726 4477 840 4546 animi
858 4491 980 4563 motu,
1013 4500 1080 4547 nec
1104 4489 1245 4548 recusat
1296 4483 1390 4540 recte
1411 4470 1585 4541 valemus.
1637 4469 1707 4540 Sed
1727 4469 1790 4540 urbi
1811 4471 1960 4540 morbus
1982 4467 2112 4562 aliquis
2131 4461 2260 4532 accessit:

244 4580 358 4652 ullum
372 4581 592 4674 periculum,
618 4579 756 4674 siquid
780 4579 989 4672 patiendum
1015 4579 1104 4665 erit,
1137 4591 1178 4649 ut
1201 4601 1242 4648 ea
1296 4573 1436 4644 cientur
1452 4573 1560 4642 etiam
1572 4571 1655 4642 illae
1672 4581 1800 4664 aegrae
1822 4586 1962 4664 partes,
1994 4570 2152 4641 videlicet
2168 4563 2242 4668 lratlt

245 4685 426 4780 perficiat,
468 4708 560 4778 qnae
590 4707 699 4756 nemo
732 4695 816 4752 ante
846 4709 883 4753 se
913 4681 1149 4754 Macedoniae
1180 4705 1244 4752 rex
1295 4676 1494 4748 autluxata
1509 4677 1683 4746 membra.
1734 4675 1793 4746 Sic
1807 4677 1966 4747 seetiam
1982 4661 2241 4743 haheocrescio

244 4789 415 4884 perficere
436 4789 568 4877 potuit.
633 4785 737 4856 Hanc
765 4786 921 4878 gloriam
952 4787 1066 4878 magis
1098 4784 1244 4877 expetit,
1295 4789 1410 4852 tatum
1431 4803 1472 4850 ac
1494 4790 1754 4873 tyrannorum,
1787 4779 1903 4848 donec
1922 4777 2011 4848 soris
2032 4775 2121 4846 bella
2141 4767 2241 4860 geruli

245 4915 355 4989 quam
377 4901 419 4962 ut
440 4913 563 4960 secure
585 4889 696 4960 vivat.
761 4890 819 4960 Ad
848 4889 941 4962 cives
964 4901 1084 4960 autem
1106 4887 1242 4980 gloriae
1293 4905 1370 4954 non
1401 4883 1671 4976 conspiciuntur
1702 4880 1896 4952 domestica
1929 4875 2166 4955 incommoda,
2201 4855 2239 4934 Μ

243 4994 351 5070 buius
375 4991 525 5067 societas
549 4987 641 5062 nihil
662 4992 838 5086 pertinet,
873 5005 909 5062 et
930 4991 1076 5062 interim
1099 4990 1242 5062 assidua

242 5100 372 5174 militia
396 5096 511 5169 multa
536 5095 587 5170 eis
610 5097 764 5182 damna,
804 5095 969 5182 labores,
1008 5095 1242 5190 miseriasque
1326 5119 1377 5180 oo)
1395 5120 1463 5175 ιω,
1480 5117 1716 5184 tonsuratas,
1735 5116 1923 5170 cremnos.
1940 5115 2072 5182 magun:
2094 5105 2239 5162 renuncu-

1362 5192 1522 5255 gumentum
1539 5199 1558 5239 a
1575 5187 1692 5251 retium
1710 5185 1831 5237 nortem
1849 5189 1879 5238 et
1893 5187 2005 5250 private
2020 5183 2087 5236 elta.
2259 5215 2260 5222 ι

248 5275 455 5302 ·“-··“·····
1326 5275 1378 5336 eo
1397 5277 1441 5338 a]
1459 5275 1503 5326 oo
1520 5275 1571 5326 aa.
1592 5273 1687 5337 cecc,
1711 5271 1739 5324 un
1757 5272 1807 5325 nc
1827 5273 1904 5327 ruse
1922 5272 2009 5324 acue

277 5367 328 5427 π)
346 5369 380 5421 tl.
398 5367 418 5418 t.
436 5366 465 5417 ln
481 5365 679 5429 nette-uses„
704 5362 779 5415 ¹5⁴7.
797 5365 893 5414 annot.
911 5363 1047 5428 meretum
1083 5363 1242 5415 seeundum
1324 5361 1375 5421 82)
1394 5362 1427 5412 ΙΙ.
1446 5362 1466 5414 Ι.
1489 5359 1744 5424 laustenes,
1773 5357 1850 5410 tw.
1871 5361 1969 5413 annot.
1992 5353 2117 5420 argine
2148 5329 2234 5406 EM*

313 5437 505 5498 ugr-emm
520 5443 540 5483 e
555 5429 746 5484 voluntatibus
762 5431 936 5483 mentorum
954 5431 1124 5484 Mente.
1362 5428 1532 5494 elnllttudo,
1556 5427 1693 5493 quomodo
1710 5429 1784 5479 ursse
1801 5426 1954 5480 dommine
1971 5423 2116 5488 erumpent.
2259 5437 2260 5460 2
