4560 5792
10 173 62 244 ne
122 161 255 236 xxm.
280 168 317 239 2.
343 157 742 236 mrunrnsrano
768 157 1031 236 onarrours
1056 159 1401 236 ourururaoaa
1426 161 1468 235 11.
1495 161 1848 242 ouuosrnanrs.
1927 174 2002 255 714

10 367 50 414 eo
63 339 127 432 l³),
150 330 332 429 Olynthiis¹
348 329 480 408 auxilia
497 335 671 420 mittenda
690 361 782 416 esse3
821 359 861 406 ac
884 361 965 408 sen·
1016 346 1151 407 starum
1166 350 1322 428 superet.
1373 338 1477 410 Hanc
1492 342 1644 432 gloriam
1662 345 1777 435 magis
1795 346 1928 439 expetit
1940 347 2004 444 ¹⁸),

13 444 128 516 entiam
158 439 377 531 probaturus
403 465 504 522 sum,
545 439 707 534 quisquis
728 441 841 524 dicet,
875 465 965 534 quo·
1017 465 1125 534 quam
1139 448 1315 524 ut'secure
1329 441 1439 514 vivat.
1491 445 1559 514 Sed
1576 448 1731 538 populus
1749 474 1825 519 non
1845 449 2003 520 venitin

10 547 92 618 nodo
106 554 140 611 et
154 542 287 632 optime
306 542 498 623 instructa,
519 555 557 612 et
573 568 680 636 quam
696 543 854 634 primum
870 542 965 612 mitti
1016 543 1220 614 societatem
1235 539 1341 615 huius
1362 545 1510 636 gloriae.
1561 549 1611 618 At
1635 549 1778 620 interim
1797 551 1863 647 ⁸⁸⁸)
1885 551 2005 622 vexati

10 647 132 742 possint.
184 645 319 716 Censeo
336 647 432 714 etad
450 641 642 716 Thessalos
661 645 874 714 mittendam
890 668 965 716 esse
1016 648 1156 720 assidua
1173 645 1322 730 militia,
1353 650 1477 718 dolore
1494 651 1717 736 afficiuntur,
1752 667 1788 724 et
1813 668 2006 748 perpetuas

10 751 215 842 egestionem,
242 772 333 843 quae
350 772 411 819 eos
426 761 462 816 et
478 751 521 818 de
544 760 720 840 apparatu
744 760 868 818 nostro
891 772 966 818 cer·
1018 772 1210 820 aerumnas
1225 751 1421 835 sustinent,
1438 777 1518 822 cum
1534 777 1610 823 non
1626 759 1843 828 concedatur
1859 758 2005 850 eisspa·

10 857 91 924 iores
120 852 267 936 reddat,
300 864 335 922 et
364 853 410 921 ad
441 851 525 922 belli
553 850 758 922 societatem
788 845 964 920 hortetur.
1018 853 1106 922 tium
1123 876 1179 920 res
1195 876 1277 921 suas
1294 855 1462 937 curandi,
1498 869 1560 926 aut
1573 858 1717 944 fruendi
1739 885 1827 942 suo,
1859 885 1926 931 nee
1950 884 2005 946 ea,

10 958 225 1032 decreverunt
240 954 334 1024 enim
343 955 499 1045 Pagasas
514 966 696 1046 repetere,
714 965 749 1022 et
765 953 966 1045 deMagne-
1019 980 1109 1050 quae
1128 955 1314 1024 lucrantur
1333 981 1479 1052 quoquo
1497 962 1619 1045 modo,
1637 962 1728 1032 bene
1739 963 1913 1034 collocare
1923 987 2006 1055 pos·

10 1061 41 1131 ia
67 1083 141 1128 cum
164 1051 335 1151 Philippo
359 1058 596 1150 expostulare.
654 1055 725 1126 Sed
747 1055 884 1139 videte,
919 1079 965 1124 ne
1018 1071 1121 1142 sunt,
1146 1057 1229 1152 quia
1251 1058 1411 1150 emporia
1438 1075 1586 1152 propter
1608 1064 1741 1134 bellum
1766 1068 1884 1138 clausa
1909 1077 2005 1138 sunt.

10 1175 118 1234 artum
135 1161 243 1230 verba
256 1160 366 1254 legati
379 1161 489 1232 vestri
503 1162 705 1252 perferant,
738 1161 799 1230 sed
821 1171 862 1228 nt
884 1181 966 1250 pos·
1018 1159 1104 1232 Inde
1133 1160 1237 1232 facile
1259 1161 1442 1232 aestimari
1470 1169 1825 1264 potestuquomodo
1849 1169 2007 1262 populus

10 1263 184 1336 lutetiam
219 1288 277 1336 res
304 1266 510 1348 ostendere,
543 1261 744 1358 quodiam
775 1260 967 1333 eduxeritis
1018 1265 1057 1333 in
1074 1262 1287 1333 Macedonia
1316 1289 1398 1357 erga
1423 1263 1634 1361 Philippum
1661 1271 1806 1340 affectus
1826 1272 1883 1342 sit.
1935 1271 2006 1343 Sed

10 1369 168 1452 nescitus,
206 1367 305 1460 quod
331 1368 465 1437 bellum
495 1365 699 1450 moveritis,
733 1366 967 1459 quemadmo·
1018 1367 1149 1438 milites
1166 1378 1201 1436 et
1215 1367 1370 1458 pedites,
1387 1393 1477 1463 quos
1492 1366 1620 1455 habet,
1645 1372 1893 1445 existimantur
1908 1397 2007 1465 egre-

10 1473 68 1541 lum
84 1469 265 1560 republica
292 1483 409 1541 vestra
434 1469 582 1562 dignum
608 1478 672 1539 est.
732 1467 826 1540 Nam
849 1467 966 1538 oratio
1018 1471 1075 1564 gia
1093 1468 1223 1539 virtute
1250 1471 1425 1562 praediti,
1444 1486 1495 1558 yet
1516 1473 1698 1544 exercitati
1719 1475 1758 1544 in
1779 1499 1818 1544 re
1845 1475 2007 1548 militari.

10 1575 61 1642 ine
74 1573 171 1644 factis
194 1584 250 1642 est
270 1573 408 1657 inanis,
435 1571 646 1665 praesertim
671 1571 714 1640 de
733 1583 858 1642 nostra
881 1569 967 1639 civi·
1017 1574 1153 1644 Verum
1170 1596 1235 1664 ego
1255 1597 1297 1642 er
1312 1576 1468 1668 quodam
1486 1577 1588 1667 gravi
1609 1577 1709 1661 viro,
1741 1577 1799 1650 cui
1823 1578 1923 1670 regio
1946 1578 2008 1648 illa

10 1689 68 1746 ate.
118 1675 202 1769 Quo
221 1676 317 1746 enim
336 1671 845 1772 ⁸t²)paratioreserimos,.et
864 1672 968 1744 citius
1020 1689 1105 1748 nota
1123 1689 1194 1758 est,
1220 1676 1363 1760 audivi,
1389 1677 1521 1750 milites
1538 1679 1800 1751 illosnonesse
1823 1693 2008 1772 praestan.

10 1779 111 1848 tellum
141 1779 358 1864 inferemus,
393 1803 436 1848 eo
459 1778 599 1849 facilius
619 1776 843 1869 impellemus
865 1775 968 1858 alios,
1020 1781 1130 1851 tiores
1149 1777 1309 1850 caeteris.
1360 1778 1452 1850 Nam
1474 1781 1506 1851 si
1528 1781 1591 1876 qui
1611 1783 1788 1854 excellunt
1811 1783 1943 1853 virtute
1966 1806 2009 1852 ae

10 1883 146 1952 nabeo
172 1881 353 1952 deficiant.
412 1882 505 1954 Nam
531 1879 691 1974 siquem
716 1879 819 1949 vobis
840 1879 968 1948 adiun·
1019 1880 1166 1954 scientia
1193 1879 1248 1949 rei
1271 1881 1456 1966 militaris,
1494 1879 1561 1970 hos
1582 1910 1646 1976 per
1670 1885 1905 1956 ambitionem
1928 1909 1948 1954 a
1970 1907 2008 1956 se

10 2007 67 2074 gere
80 1983 201 2068 vultis,
229 2009 371 2054 necesse
388 1997 464 2068 est,
484 1994 526 2054 ut
539 2005 708 2074 magnam
729 1980 966 2052 mutationem
1019 1995 1182 2056 removet
1203 1979 1411 2078 Philippus,
1442 1985 1528 2056 dum
1555 1987 1634 2058 vult
1656 1987 1772 2058 videri
1798 1988 1920 2058 omnia
1942 2011 2009 2068 suo

10 2089 79 2177 apud
105 2112 165 2158 vos
190 2087 409 2180 conspiciat,
441 2110 482 2155 ac
503 2085 624 2155 videat
647 2109 712 2156 vos
733 2085 860 2177 cupide
885 2107 968 2154 con·
1021 2087 1171 2162 consilio
1187 2098 1222 2156 et
1236 2111 1298 2156 sua
1316 2089 1449 2158 virtute
1463 2111 1599 2180 gerere.
1649 2088 1743 2161 Nam
1766 2103 1909 2182 praeter
1931 2111 2010 2160 cae·

10 2191 78 2258 lene
101 2191 257 2272 tributa,
296 2193 446 2260 educere
475 2188 618 2281 copias,
659 2190 815 2284 denique
847 2186 968 2267 omnia
1022 2207 1097 2264 tera
1125 2190 1213 2259 vitia
1235 2187 1283 2287 ⁸⁹)
1308 2191 1439 2262 dicitur
1464 2191 1684 2263 intolerabili
1712 2194 1878 2285 snperbia
1901 2204 2010 2286 atque

10 2292 280 2385 prompteobire.
332 2292 430 2362 Haec
444 2292 472 2363 si
497 2290 767 2389 perficietis'⁰),
796 2291 968 2384 quemad·
1022 2293 1228 2386 arrogantia
1246 2294 1532 2384 praeditusesse.
1583 2293 1621 2364 si
1639 2295 1719 2390 quis
1742 2310 1860 2366 autem
1885 2295 2012 2364 mode-

10 2398 126 2466 oodum
143 2395 332 2481 convenit,
366 2395 571 2466 uonsolum
598 2394 778 2466 sociorum
803 2394 969 2464 volunta·
1021 2411 1095 2470 stus
1111 2409 1182 2482 est,
1209 2407 1273 2467 aut
1286 2396 1421 2490 alioqui
1437 2398 1592 2490 probus,
1623 2399 1681 2468 cui
1706 2397 1897 2489 displicent
1921 2419 2011 2492 quo·

10 2509 44 2566 tes
63 2523 137 2590 erga
158 2495 373 2590 Philippum
398 2499 597 2580 labascent,
630 2499 692 2567 sed
716 2497 824 2566 etiam
847 2497 970 2566 dome·
1021 2502 1180 2571 tidianae
1200 2499 1275 2568 eius
1296 2494 1555 2584 helluationes,
1582 2499 1771 2571 ebrietates
1795 2513 1831 2572 et
1851 2499 2012 2570 saltatiod

10 2600 87 2672 sticas
121 2601 215 2674 vires
256 2601 458 2692 intelligetis
494 2599 738 2692 languidiores
771 2612 808 2670 et
843 2599 970 2670 infidas
1022 2627 1104 2690 nes,
1130 2599 1227 2674 hunc
1241 2602 1381 2672 dicebat
1393 2603 1545 2694 negligi,
1562 2615 1598 2674 et
1613 2602 1651 2672 in
1666 2603 1763 2674 nulla
1780 2603 1896 2696 gratia
1913 2603 2011 2693 apud

10 2727 72 2774 esse.
123 2704 215 2776 Nam
244 2704 471 2775 Macedonici
494 2703 667 2774 exercitus
694 2715 833 2773 tantum
849 2702 972 2771 valent
1023 2733 1103 2780 eum
1120 2729 1214 2787 esse5
1240 2707 1301 2776 sed
1317 2704 1514 2776 familiares
1530 2705 1563 2774 ei
1578 2727 1652 2776 esse
1667 2705 1825 2778 latrones
1843 2718 1879 2775 ee
1892 2725 2013 2776 affin.

10 2808 186 2898 appendicis
210 2807 311 2893 vice,
343 2807 436 2880 sicut
458 2807 544 2878 olim
569 2801 765 2876 Timotheo
787 2807 876 2876 duce
904 2829 970 2874 no·
1022 2807 1241 2906 ratoresw),
1275 2819 1311 2878 et
1326 2806 1436 2892 tales,
1467 2807 1530 2902 qui
1552 2809 1671 2878 solent
1689 2809 1779 2878 ebrii
1801 2808 1949 2891 saltare,
1976 2818 2014 2878 et

10 2909 116 2980 bissum
146 2915 320 2982 adversus
341 2905 534 3004 Olynthios
567 2911 769 2980 valuerunt.
830 2906 970 2978 Deinde
1023 2913 1107 2984 talia
1125 2915 1260 2992 facere,
1288 2935 1379 3004 quae
1395 2910 1578 2980 nominari
1602 2933 1677 2980 non
1701 2923 1862 3003 possunt.
1914 2909 2013 2978 Haec

10 3011 162 3105 Olynthiis
198 3014 402 3098 coniuncti,
450 3015 620 3084 adversus
648 3011 861 3083 Potidaeam
892 3035 970 3078 rem
1023 3039 1107 3086 vera
1127 3037 1202 3084 esse
1216 3024 1367 3084 constat.
1416 3011 1635 3105 Nequissimi
1650 3014 1745 3082 enim
1769 3009 1936 3084 homines
1951 3010 2013 3108 ⁴¹),

10 3115 293 3208 bene-gesserunt.
352 3117 532 3211 Quodque
557 3141 654 3187 nunc
675 3110 867 3186 Thessalos
889 3113 971 3183 sub-
1024 3112 1214 3213 quoshinc
1237 3115 1439 3206 expulistis,
1463 3128 1504 3186 ut
1522 3113 1673 3186 Calliam
1690 3115 1757 3212 ⁴¹⁸)
1779 3140 1922 3188 servum
1946 3138 2014 3206 pu·

10 3235 150 3308 egerunt,
176 3221 228 3292 ita
244 3219 391 3305 accidit,
417 3219 501 3314 quia
517 3219 586 3312 ipsi
599 3221 694 3288 inter
707 3243 745 3289 se
761 3215 971 3288 dissentien-
1022 3219 1179 3304 blicum,
1201 3229 1237 3288 et
1253 3218 1389 3289 similes
1401 3219 1490 3287 alios
1514 3216 1646 3290 mimos
1672 3231 1709 3288 et
1733 3220 1926 3312 scriptores
1950 3217 2014 3288 ob-

10 3331 47 3392 tes
69 3321 249 3408 Thessali,
276 3323 508 3402 ,adiuverunt
536 3347 597 3394 eos
626 3334 750 3392 contra
785 3332 970 3414 tyrannos·
1023 3346 1241 3407 scoenorurn
1255 3321 1456 3391 carminum
1473 3333 1591 3406 amat,
1617 3321 1707 3392 etin
1729 3320 2014 3393 familiaritatem

10 3421 281 3518 temperantem
314 3426 513 3521 quamlibet
538 3450 650 3518 parva
676 3424 851 3508 accessio,
871 3422 971 3506 mul·
1024 3425 1193 3500 admittit.
1242 3423 1322 3494 Etsi
1336 3436 1454 3497 autem
1474 3420 1563 3494 haec
1576 3425 1746 3496 videntur
1767 3425 1858 3497 levia
1886 3435 1921 3492 et
1942 3422 2015 3493 exi·
2055 3469 2059 3479 π

10 3537 64 3598 tum
93 3531 206 3602 adfert
238 3529 426 3600 momenti.
488 3527 589 3620 Ipsae
619 3553 705 3599 vero
728 3527 969 3596 Macedonum
1023 3556 1113 3625 gna,
1147 3540 1268 3597 tamen
1297 3528 1534 3618 prudentibus
1562 3529 1772 3618 gravissima
1806 3527 1906 3616 signa
1931 3536 2016 3598 sunt

10 3651 122 3723 “³⁵1³er
140 3659 216 3706 80⁸2
240 3633 404 3702 infirmae
425 3631 590 3728 sumu),
616 3644 652 3700 et
673 3632 801 3722 plenae
823 3628 971 3698 difficul-
1023 3633 1194 3727 perditae
1212 3630 1361 3713 mentis,
1399 3644 1434 3699 et
1460 3629 1700 3721 impendentis
1723 3629 1833 3700 exitii.
1885 3627 2015 3696 Haste«

10 3743 120 3820 tatum,
146 3761 238 3832 quas
255 3735 353 3806 auxit
375 3734 483 3804 etiam
498 3729 687 3826 Philippus
707 3729 764 3802 his
786 3732 875 3824 ipsis
897 3730 971 3800 b'el·
1024 3761 1092 3806 nus
1107 3731 1271 3825 prosperi
1288 3755 1466 3801 successus
1481 3726 1570 3800 haec
1585 3731 1671 3800 vitia
1688 3742 1866 3802 texerunt.
1917 3727 2014 3799 Nam

10 3833 40 3904 lis
61 3851 93 3908 et
128 3839 436 3933 expeditionibus,
480 3837 608 3930 quibus
643 3835 826 3926 potentior
857 3836 972 3903 factus
1025 3837 1200 3910 secundae
1232 3857 1289 3903 res
1319 3833 1403 3900 talia
1438 3835 1614 3903 dedecora
1651 3834 1861 3912 obscurant;
1899 3831 1961 3902 sed
1983 3828 2013 3900 si

10 3937 137 4016 videtur.
194 3943 282 4016 Non
304 3942 399 4012 enim
423 3942 567 4010 eaedem
595 3963 652 4008 res
683 3937 810 4008 iuvant
834 3931 972 4028 Philip·
1025 3940 1111 4036 quid
1141 3935 1173 4006 ei
1203 3935 1343 4006 adversi
1369 3936 1517 4021 accidit,
1549 3949 1635 4006 tunc
1659 3931 1877 4030 deprehensa
1903 3933 2016 4026 pluri·

10 4061 77 4128 pum
92 4057 124 4116 et
138 4045 312 4117 subditos.
363 4044 456 4115 Nam
475 4043 551 4135 ipse
567 4039 717 4134 gloriam
742 4039 973 4133 concupiscit,
1030 4099 1239 4120 ...........-

10 4140 129 4218 ethanc
152 4146 293 4242 assequi
316 4171 455 4218 summa
478 4144 706 4216 contentione
727 4141 840 4213 animi
865 4165 972 4211 cona·
1059 4203 1109 4262 ³⁸)
1128 4201 1162 4251 E
1180 4199 1200 4248 ¹·
1217 4197 1246 4248 m
1259 4194 1309 4246 Ed·
1324 4194 1408 4246 m
1422 4195 1489 4245 m
1502 4194 1637 4259 mmm
1655 4193 1797 4256 mim,
1814 4189 1921 4241 m„
1937 4185 2015 4251 Μ,

9 4255 64 4317 tur.
110 4248 192 4320 ideo
209 4251 329 4320 nullos
342 4250 501 4334 labores,
526 4248 663 4319 nullum
691 4245 889 4340 periculum
914 4247 973 4314 de·
1095 4267 1189 4321 elisaei
1220 4269 1250 4317 et
1271 4263 1403 4328 coouqnl
1424 4265 1494 4316 buno
1523 4265 1656 4330 mortum,
1694 4262 1766 4326 quot
1794 4259 1916 4310 malote·
1945 4268 2016 4308 suos

10 4357 134 4437 treetat,
160 4368 201 4425 ut
217 4353 373 4424 maiores
395 4377 478 4424 suos
501 4349 748 4444 magnitudine
772 4373 892 4420 rerum
917 4373 975 4440 ge·
1097 4334 1291 4402 'fllm'ffl‘'
1317 4344 1399 4398 ΨΜ
1418 4345 1519 4384 'W'
1535 4335 1640 4401 enare.
1717 4435 1723 4446 .

13 4523 196 4545 Ἢ
1062 4439 1354 4564 εείζωὲὲῦιηῑοτῑω]
1387 4437 1428 4486 uo
1457 4435 1509 4491 nu.
1540 4437 1641 4502 oasim
1673 4437 1758 4488 uniet.
1789 4433 1857 4487 tosa
1879 4459 1914 4472 -
1939 4430 2016 4484 rasa.

38 4617 79 4679 85)
95 4625 127 4676 tt.
144 4625 163 4674 1.
181 4626 208 4675 in
227 4623 300 4676 uolt.
323 4619 406 4672 Baalt.
425 4623 492 4672 note
514 4619 646 4682 margin:
670 4619 837 4682 Prinolpattr
861 4621 975 4670 conetu—
1062 4619 1111 4678 39)
1129 4618 1163 4668 n.
1182 4615 1202 4666 1.
1226 4613 1254 4664 tn
1272 4611 1322 4661 Ed.
1341 4605 1427 4659 Basll.
1444 4609 1512 4659 nou
1529 4606 1661 4672 margin:
1686 4606 1809 4658 Tertium
1826 4606 2018 4672 argumentum

69 4691 109 4742 sio
124 4695 169 4746 vet
185 4692 342 4756 emanue,
361 4703 414 4756 qus
431 4693 544 4755 censet,
562 4691 602 4755 et,
620 4689 683 4754 qnid
704 4690 842 4754 egendum
859 4690 912 4754 stt,
930 4687 977 4738 ln·
1101 4685 1136 4735 'de
1153 4681 1275 4733 northus
1294 4675 1420 4741 Pbttlppt.
1456 4679 1568 4740 Mores,
1591 4675 1695 4740 lnquit,
1720 4677 1780 4726 etus
1798 4675 1863 4726 sunt
1880 4673 2018 4726 intolera-

71 4759 145 4816 ttcat.
447 4759 452 4770 '
1099 4755 1188 4812 bites,
1222 4761 1290 4813 orgo
1315 4749 1428 4798 fortune
1457 4757 1562 4810 quoqne
1592 4745 1777 4795 intolerabilis
1803 4743 1865 4795 erlt.
1908 4743 2018 4796 Conse·

40 4857 96 4918 ω)
114 4863 278 4929 πωωπ
748 4886 783 4899 -

68 4938 156 4988 “m
1065 4999 1114 5056 40)
1133 4994 1167 5044 n.
1185 4992 1206 5044 1.
1224 4989 1253 5040 tn
1271 4987 1320 5040 Ed.
1342 4985 1426 5038 Basti.
1445 4987 1512 5036 nota
1535 4985 1668 5049 nargtn.:
1692 4983 1830 5035 Latrones
1855 4982 2020 5034 construant

45 5027 86 5090 κ)
103 5034 135 5087 ¹¹·
154 5035 173 5090 ¹·
191 5036 217 5086 ¹⁰
233 5037 283 5090 Η·
303 5036 387 5090 ⁸⁸⁸⁸·
409 5038 476 5087 ¹¹⁰³
500 5029 634 5100 mmm*
660 5031 802 5083 mmm
826 5030 871 5082 '⁰¹
897 5033 978 5095 ΨΜ
1099 5061 1258 5124 audactam,
1275 5058 1437 5108 usentores
1454 5055 1532 5105 alunt
1549 5057 1577 5105 et
1595 5055 1759 5105 contenent
1775 5051 1931 5104 stutttttane

74 5111 217 5160 parasceue
240 5107 275 5156 ad
298 5119 418 5170 sequens
442 5107 652 5224 arqqnentnn,
676 5102 747 5166 quod
770 5101 852 5151 attan
874 5103 978 5154 subdttt

73 5167 179 5236 Philippi
195 5187 249 5225 non
268 5175 326 5224 slot
342 5173 467 5226 mansuri
534 5174 597 5226 tlte.
861 5203 864 5210 π
1064 5169 1115 5226 tt)
1133 5165 1165 5216 n.
1192 5162 1214 5224 t,
1239 5159 1267 5210 tn
1288 5157 1339 5211 Ed.
1358 5154 1444 5208 naeu.
1469 5157 1538 5207 nou
1560 5154 1694 5220 narem:
1720 5153 1798 5208 ralla
1822 5154 1867 5204 est
1893 5149 2019 5216 qunque,

45 5268 132 5328 37111.
150 5277 169 5329 1,
193 5277 219 5326 ιη
238 5278 288 5332 ga,
308 5279 390 5332 quq·
410 5279 478 5330 Μ
495 5276 629 5341 mmm:
655 5274 810 5326 sewum
828 5285 979 5341 “mm-
1100 5232 1220 5299 qualium
1238 5227 1391 5278 delectatur
1409 5225 1618 5342 consuetudlne.

73 5343 131 5394 ‘P'-
164 5345 269 5398 ΜΝ
288 5351 353 5398 aune
371 5347 456 5410 niqui
474 5345 615 5410 rurippi.
645 5355 715 5410 arro
733 5355 788 5398 non
806 5345 900 5408 poteo
923 5345 977 5396 au·
1065 5340 1132 5399 no
1155 5336 1214 5386 noe
1238 5343 1338 5383 nomen
1364 5329 1393 5381 tn
1417 5331 1501 5382 rante
1529 5328 1623 5393 nse,
1649 5328 1744 5393 assa„
1769 5323 1863 5392 aare,
1889 5321 1965 5376 aser.
1991 5320 2020 5374 n

77 5411 165 5462 retnis
182 5426 247 5467 esse
264 5415 324 5469 elur
341 5418 462 5468 tonora.
1102 5403 1228 5468 mestoc
1246 5404 1289 5453 est
1307 5399 1463 5466 repetttun.
