4548 5788
235 145 316 237 ut:
534 92 541 98 ’
589 73 618 200 ‚'
821 143 945 218 enm.
979 143 1093 220 unu
1124 142 1330 222 ιοιιιινιι
1368 141 1708 222 ouumooca
2160 112 2229 228 ,a

237 315 422 414 mornado
452 339 518 389 vos
546 316 709 390 resistere
737 313 822 389 huic
851 317 1003 392 iniustae
1033 316 1234 390 defensioni
1284 315 1398 401 datis,
1422 315 1677 410 necignoretis
1699 339 1782 386 euru
1805 313 1953 388 insidias
1974 314 2092 386 iudicio
2111 331 2211 394 sonae.

235 419 398 516 possitis,
431 420 563 492 dicam.
627 420 718 492 Cum
745 416 816 492 huc
841 419 1030 496 accesserit
1051 415 1234 512 Ctesipho,
1284 419 1368 492 Non
1384 420 1480 490 enim
1496 419 1534 490 id
1551 432 1650 512 aget,
1682 431 1723 488 ut
1742 419 1886 489 tuncde
1901 417 2212 510 legibusrespondeat

239 537 277 596 ct
288 523 475 597 exordium
507 523 606 594 dorni
634 525 875 616 compositum
896 523 1044 608 dixerit,
1078 535 1115 593 et
1138 523 1235 592 volet
1284 524 1347 595 sed
1368 520 1451 618 quia
1476 522 1612 594 nullam
1636 521 1766 592 iustam
1792 521 2031 592 defensionem
2046 517 2150 606 habet,
2168 539 2212 596 stu·

237 621 422 703 extrahere
445 637 584 718 tempus
609 626 740 698 omissa
762 649 888 712 carna,
927 628 1117 698 admonete
1142 637 1234 696 'eum
1285 627 1346 696 det
1371 625 1524 696 aliarum
1548 649 1669 696 rerum
1694 622 1877 693 mentione
1905 622 2103 694 memoriam
2120 649 2214 696 actua-

236 732 312 807 sine
335 729 513 812 tumultu,
544 740 584 798 ut
605 729 765 800 tabulam
787 730 827 800 in
848 755 977 802 manus
998 728 1169 822 accipiat,
1199 741 1235 798 ct
1285 728 1394 800 tionis
1409 729 1574 798 obruere.
1631 725 1731 796 Sicut
1746 723 1855 818 igitur
1870 725 1910 796 in
1924 727 2086 821 gymnicis
2101 731 2213 796 ceroni-

236 833 331 924 leges
349 833 395 900 ad
413 833 594 902 decretum
613 831 786 903 conferat.
837 830 877 904 ld
894 835 925 904 si
941 831 1181 902 dissimulabit
1197 856 1234 904 se
1284 830 1391 902 nibus
1405 831 1533 901 videtis
1546 829 1683 922 pugiles
1701 828 1840 899 deloco
1863 829 1957 900 inter
1979 854 2014 898 se
2036 841 2162 899 certare:
2185 831 2215 899 in

235 935 383 1020 audire,
421 958 488 1003 nec
513 957 577 1004 vos
602 935 723 1005 audite
747 935 878 1027 ipsum.
943 933 1027 1008 Non
1056 935 1152 1004 enim
1175 929 1235 1004 hic
1285 947 1321 1005 et
1339 960 1404 1004 vos
1419 946 1493 1004 tota
1512 931 1570 1002 die
1590 956 1657 1025 pro
1674 931 1856 1024 republica
1874 955 2015 1012 cumeo
2035 933 2076 1001 de
2096 934 2217 1002 detonsio

236 1037 446 1110 comedistis
460 1038 507 1106 ad
522 1035 673 1110 iniustas
690 1037 912 1108 defensiones
931 1037 1148 1130 audiendas,
1173 1037 1235 1110 sed
1285 1035 1341 1109 nis
1358 1035 1484 1107 ordine
1503 1032 1726 1118 coutendite,
1751 1059 1817 1104 nec
1839 1035 1944 1106 sinite
1968 1058 2047 1104 eum
2070 1047 2150 1104 extra
2167 1059 2217 1104 cau-

236 1144 284 1212 ad
300 1141 470 1212 tuendam
496 1139 647 1211 salutem
670 1164 817 1226 corum,
852 1140 915 1236 qui
941 1141 1070 1214 iustam
1090 1164 1234 1210 excusa-
1285 1165 1361 1212 sam
1390 1138 1535 1232 vagari,
1573 1139 1636 1208 sed
1671 1137 1873 1230 compellite
1903 1161 1986 1208 eum
2015 1137 2102 1207 intra
2123 1161 2218 1206 causan

236 1245 373 1316 tionem
390 1243 567 1314 adferunt.
627 1241 690 1312 Sin
711 1255 830 1314 autem
847 1256 965 1336 spreta
984 1243 1075 1315 iusta
1092 1243 1234 1316 ratione
1285 1243 1493 1315 assiduitate
1509 1253 1545 1312 et
1559 1240 1743 1332 vigilantia
1768 1252 1907 1324 vestra,
1940 1253 1975 1310 et
1996 1241 2158 1311 observate
2175 1241 2220 1310 eius

235 1345 453 1420 defensionis
468 1340 748 1416 Demosthenem
764 1345 973 1430 advocabit,
999 1370 1233 1440 nequaquam
1286 1345 1536 1440 digressiones.

236 1449 414 1524 admittite
432 1448 638 1542 improbum
654 1443 841 1521 hominem
866 1451 912 1520 ad
932 1449 1145 1534 dicendum,
1171 1449 1235 1542 qui
1385 1445 1522 1519 Verum
1539 1443 1709 1516 convenit
1732 1441 1861 1528 etiam,
1887 1456 1929 1515 ut
1950 1443 2085 1528 dicam,
2109 1441 2175 1536 quid
2189 1441 2221 1510 fu-

163 1535 171 1556 ’
236 1552 435 1627 contiditse
450 1551 544 1643 leges
560 1552 703 1622 eludere
719 1577 823 1645 posse
840 1551 1011 1636 dicendo;
1044 1576 1110 1622 nec
1137 1552 1234 1646 quis·
1285 1564 1407 1622 turum
1433 1549 1490 1622 sit.
1553 1549 1648 1622 Nam
1679 1543 1777 1618 haud
1805 1547 1913 1618 dubie
1937 1543 2102 1640 Ctesipho
2122 1544 2222 1613 adducet

236 1654 410 1751 quamsic
426 1655 579 1726 miretur
594 1655 838 1750 eloquentiam
858 1656 973 1741 illius,
1006 1667 1163 1750 utputet
1177 1679 1235 1724 ac·
1284 1655 1393 1726 istum
1424 1653 1660 1746 impostorem
1687 1675 1728 1720 ac
1752 1652 1889 1734 furem,
1932 1648 1996 1744 qui
2023 1647 2222 1741 rempublicam

236 1760 446 1832 cersendum
462 1781 550 1830 esse.
1285 1755 1515 1849 depeculatus
1534 1767 1605 1840 est,
1638 1753 1821 1825 isfacilius
1837 1753 1980 1846 plorat,
2015 1777 2116 1848 quam
2135 1751 2182 1820 alii
2196 1749 2223 1816 ri

196 1949 199 1956 g
241 1930 246 1942 ,
338 1861 429 1936 Cum
458 1860 698 1952 interrogabit
719 1855 909 1954 Ctesipho,
947 1883 995 1930 an
1021 1861 1149 1932 debeat
1170 1883 1235 1930 vo·
1284 1860 1391 1944 dent,
1418 1859 1515 1930 etad
1538 1857 1774 1952 peierandum
1799 1855 1982 1927 levissimo
2005 1865 2168 1924 momento
2186 1851 2225 1919 iu-

235 1989 317 2046 aare
332 1959 635 2048 Demosthenem,
661 1964 824 2060 quisquis
838 1963 995 2055 primam
1011 1987 1137 2036 vocem
1153 1965 1235 2034 edet
1284 1963 1442 2058 pellitur.
1493 1960 1541 2032 Et
1555 1956 1653 2033 hand
1670 1959 1765 2043 scio,
1795 1983 1841 2027 an
1865 1959 1975 2028 etiarn
1996 1953 2070 2041 his,
2101 1957 2152 2050 qui
2169 1955 2225 2024 iudi

141 2115 146 2133 ,
235 2081 272 2151 ct
287 2066 419 2138 accersi
432 2066 588 2152 iubebit,
620 2066 797 2141 is'contra
812 2091 849 2138 se
863 2065 1002 2160 ipsum,
1035 2079 1159 2138 contra
1184 2067 1234 2137 le·
1285 2066 1380 2136 cium
1396 2067 1647 2150 circumstant,
1673 2059 1954 2146 conviciabitur,
1989 2083 2030 2130 ac
2054 2059 2137 2130 dicet
2152 2054 2226 2127 boni-

235 2195 318 2264 ges,
343 2181 468 2240 contra
484 2168 686 2240 libertatem
703 2170 806 2242 illum
823 2169 981 2242 accersit.
1033 2169 1098 2242 Sin
1113 2182 1233 2240 autem
1284 2193 1348 2240 nes
1373 2179 1560 2262 potentes,
1594 2165 1811 2258 descriptos,
1848 2163 2049 2238 accusatori
2070 2165 2185 2244 adesse,
2205 2171 2226 2228 at

235 2273 416 2353 videbitur
431 2271 534 2344 vobis
551 2272 677 2344 audire
694 2267 995 2356 Demosthenem,
1021 2259 1174 2358 efficite,
1193 2286 1235 2344 ut
1283 2272 1444 2365 plebeios
1464 2265 1629 2342 homines
1655 2294 1718 2340 reo
1742 2269 1875 2340 favere'.
1934 2267 2025 2339 Cum
2051 2277 2157 2337 autem
2174 2260 2226 2332 haec

236 2377 402 2448 ordinem
419 2376 457 2444 in
473 2375 679 2448 defensione
694 2377 1002 2459 serveteundem,
1037 2401 1143 2472 quern
1167 2399 1232 2468 ego
1284 2374 1379 2446 dicet
1395 2369 1675 2474 Demosthenes,
1707 2371 1922 2463 respondete
1941 2373 1987 2440 ad
2003 2369 2171 2442 seditiosos
2186 2367 2226 2433 cb·

234 2479 376 2556 servavi
392 2479 431 2547 in
448 2479 686 2551 accusatione.
726 2479 842 2564 Nam,
868 2491 912 2550 ut
923 2479 1140 2548 admoneam
1157 2503 1234 2564 vos,
1285 2502 1404 2550 mores
1420 2479 1550 2573 ipsius;
1583 2477 1613 2549 si
1629 2473 1681 2547 tui
1696 2473 1828 2546 similes
1842 2474 1994 2545 fuissent
2018 2471 2094 2555 isti,
2125 2471 2227 2565 quipe

235 2607 302 2674 ego
322 2603 440 2675 neque
462 2580 642 2672 privatam
667 2581 777 2652 vitam
801 2581 918 2672 illius,
959 2605 1076 2675 neque
1098 2582 1233 2674 flagitia
1284 2580 1411 2675 pulum
1427 2581 1466 2650 in
1481 2579 1638 2675 patriam
1653 2578 1905 2663 restituerunt,
1930 2573 2227 2672 nunquamlibettss

235 2685 379 2778 publica
399 2683 499 2777 prius
515 2683 638 2775 attigi,
670 2708 752 2757 cum
774 2683 917 2756 abunde
940 2683 1054 2756 multa
1078 2709 1234 2756 comme·
1284 2697 1496 2778 recuperata
1512 2694 1613 2756 esset.
1664 2681 1712 2752 At
1725 2680 1780 2750 illi
1794 2679 2100 2752 turbulentissimo
2114 2691 2228 2766 tempore

235 2809 381 2864 morare
409 2809 573 2880 possem,
611 2799 785 2882 tanquam
810 2809 959 2880 prorsus
982 2789 1120 2860 deesset
1142 2784 1235 2863 mibi
1285 2799 1520 2859 servaverunt
1541 2786 1743 2869 civitatem,
1781 2783 1923 2877 prolata
1947 2783 2010 2854 illa
2034 2777 2229 2852 honestissima

236 2889 407 2972 materia3
431 2889 665 2983 sedprimnm
680 2891 774 2982 leges
795 2885 961 2975 exhibui,
994 2914 1086 2986 quac
1112 2904 1235 2964 vetant
1285 2891 1479 2962 sententia:
1518 2889 1574 2962 Ne
1604 2889 1685 2983 quis
1710 2899 1877 2980 acceptae
1898 2887 2055 2957 iniuriae
2077 2883 2229 2954 recordare·

237 3014 413 3074 coronare
438 3017 519 3078 eos,
552 2993 616 3088 qui
636 2995 802 3066 noudum
831 2994 1033 3066 retulerunt
1063 2993 1235 3070 rationes.
1286 3007 1357 3065 tur.
1398 2995 1501 3064 Atto
1515 2993 1666 3063 vuln'era
1682 2991 1788 3075 facis,
1814 3003 1850 3060 et
1865 2988 1980 3082 magis
1997 3000 2082 3062 sunt
2094 2985 2151 3057 tibi
2164 3005 2230 3054 came

236 3096 377 3168 Deinde
398 3096 490 3180 dixi,
516 3091 786 3190 Ctesiphontem
801 3093 1038 3170 Demostheni
1061 3121 1234 3170 coronam
1287 3097 1520 3194 quotidianae
1541 3091 1839 3177 declamationes,
1865 3117 1974 3190 quam
1997 3093 2091 3165 salus
2111 3083 2230 3181 reipubli-

237 3198 436 3272 decrevisse
450 3200 612 3268 nondum
630 3199 751 3272 relatis
771 3198 993 3286 rationibus,
1017 3199 1095 3274 sine
1112 3202 1235 3298 aliquo
1287 3225 1360 3272 cae.
1393 3199 1551 3294 Quando
1568 3211 1688 3269 autem
1702 3192 1815 3267 homo
1831 3197 1999 3289 periurus
2016 3195 2112 3265 volet
2124 3217 2155 3264 se
2167 3189 2230 3260 iuris

237 3312 445 3395 praetextu,
471 3300 547 3370 sine
565 3301 695 3371 usitata
715 3302 922 3391 exceptione
945 3302 1155 3398 (postquam
1179 3329 1235 3375 re-
1287 3303 1431 3373 iorandi
1457 3301 1629 3395 religione
1654 3299 1768 3385 tueri,
1803 3295 1873 3370 hnc
1899 3299 2091 3394 opponite:
2129 3287 2230 3390 quodsi

238 3401 362 3478 tulerit
382 3401 558 3498 rationes)
580 3405 673 3474 adeo
692 3416 728 3474 et
747 3427 812 3474 vos
834 3416 870 3472 et
890 3405 985 3496 leges
1008 3407 1234 3498 contempsit.
1287 3405 1367 3500 qnis
1396 3405 1561 3500 periurus
1588 3403 1747 3498 postulat
1775 3402 1845 3473 sibi
1873 3403 1979 3472 fidem
2011 3397 2148 3482 haberi,
2181 3391 2231 3464 tut

237 3506 398 3600 Exposui
424 3507 529 3590 item,
573 3507 758 3600 quomodo
787 3506 987 3581 cavillatori
1011 3507 1085 3582 sint
1108 3509 1236 3601 legem.
1288 3521 1432 3602 oportet
1447 3522 1510 3579 aut
1528 3507 1618 3579 alios
1640 3505 1846 3598 contingere
1868 3505 2072 3589 auditores,
2104 3513 2157 3572 aut
2174 3505 2230 3568 terit

237 3610 402 3694 Secundo
419 3608 567 3680 recitavi
580 3610 676 3703 leges
692 3611 736 3680 de
750 3609 974 3703 praeconiis,
1005 3635 1097 3706 quae
1115 3614 1234 3706 palam
1287 3612 1396 3698 tales,
1422 3611 1483 3708 qui
1498 3611 1618 3682 nullos
1632 3607 1730 3682 Deos
1747 3620 1889 3688 curent;
1916 3603 2098 3680 alborum
2113 3616 2229 3674 neutmn

237 3709 434 3808 prohibent
447 3712 657 3786 renuntiare
674 3737 846 3786 coronam
861 3739 881 3784 a
898 3716 1034 3808 populo
1054 3717 1235 3790 decretam
1288 3715 1437 3808 contigit
1450 3709 1699 3785 Demostheni.
1752 3711 1806 3782 De
1819 3707 2016 3806 lachrymis
2034 3724 2145 3784 autem
2159 3717 2185 3775 et
2195 3723 2230 3768 n·

238 3829 338 3889 extra
365 3815 587 3887 cunci0nern·
1288 3817 1337 3892 cis
1358 3827 1484 3890 tenore
1511 3839 1590 3888 cum
1609 3815 1849 3907 interrogabit
1866 3839 1950 3900 vos,
1983 3839 2058 3911 quo
2081 3837 2134 3883 me
2155 3805 2230 3878 confe

201 3994 207 4012 .
239 3973 247 3984 .
342 3919 391 3988 At
417 3912 587 4009 Ctesipho
607 3941 685 3988 non
707 3918 825 3991 solum
849 3921 1000 3992 violavit
1022 3923 1138 4014 leges,
1172 3920 1235 3994 sed
1281 3945 1385 4007 ram,
1412 3923 1525 4006 cives,
1551 3919 1581 3992 si
1596 3943 1654 3989 me
1669 3917 1812 3989 civitate
1830 3917 2074 3990 excluseritis?
2105 3937 2165 4010 quo
2179 3927 2229 3978 evo

238 4033 275 4106 pt
289 4032 430 4113 tempus
452 4019 637 4113 praeconii
664 4034 700 4091 et
721 4021 855 4095 locum.
915 4021 1020 4096 lussit
1043 4025 1139 4097 enirn
1160 4049 1236 4096 nnn
1286 4023 1396 4095 labo?
1445 4023 1674 4117 Respondete
1690 4020 1740 4092 ei:
1765 4019 1814 4092 At
1829 4045 1915 4092 vero
1931 4046 2005 4117 quo
2021 4016 2182 4108 confugiet
2193 4033 2229 4102 po

237 4123 278 4196 in
296 4123 489 4208 concione,
514 4124 577 4196 sed
591 4122 629 4192 in
641 4119 786 4198 theatro
800 4126 1034 4220 praeconium
1048 4127 1146 4212 lieri,
1170 4153 1237 4202 nec
1286 4128 1393 4221 pulos
1417 4123 1671 4199 Atheniensis?
1710 4126 1758 4194 ad
1784 4149 1876 4220 quae
1897 4124 2030 4196 auxilia
2053 4119 2181 4214 recipiet
2194 4107 2229 4183 ol

238 4253 321 4300 cum
337 4222 491 4298 habetur
505 4224 655 4311 concio,
673 4231 736 4300 scd
752 4229 1052 4322 cumtragoediae
1067 4226 1236 4302 exhiben-
1287 4231 1375 4326 quid
1390 4224 1500 4304 habet
1513 4227 1666 4326 reliqui,
1693 4228 1779 4323 quid
1798 4227 2008 4320 providisti,
2043 4221 2230 4328 quodadpe

238 4343 310 4416 tur.
361 4330 492 4402 Postea
506 4353 586 4402 cum
603 4331 647 4400 dc
671 4331 812 4424 privata
836 4332 912 4406 cios
933 4333 1006 4404 vita
1027 4333 1236 4406 brevissime
1286 4334 1365 4428 poli
1388 4335 1539 4406 salutem
1561 4329 1801 4403 conduceret?
1860 4331 1975 4415 Nam,
2008 4327 2176 4427 quomodo
2193 4317 2230 4388 tlh

239 4433 380 4518 dicam,
405 4437 449 4504 dc
465 4434 572 4506 rebus
587 4434 634 4505 ab
649 4459 693 4504 eo
709 4448 835 4508 contra
851 4436 1043 4508 utilitatem
1064 4436 1236 4530 reipubli·
1286 4438 1531 4531 prospexeris,
1567 4459 1691 4505 omnes
1713 4433 1897 4519 videmus,
1932 4436 2074 4506 deserta
2092 4429 2169 4501 urbe
2185 4439 2229 4490 ott

146 4553 152 4560 ·
239 4555 302 4606 cae
319 4537 425 4627 gestis
437 4538 582 4629 longior
600 4549 653 4610 est
676 4539 807 4612 oratio.
864 4537 1004 4610 Eodem
1031 4540 1159 4611 ordine
1181 4541 1237 4613 iu·
1286 4539 1427 4612 habitas
1441 4541 1480 4610 in
1492 4539 1643 4622 Piraeo,
1674 4538 1737 4610 sed
1752 4538 1897 4609 exnrbe
1911 4535 2081 4610 subducis
2096 4547 2144 4616 te,
2169 4533 2228 4620 post·

237 4637 320 4709 bete
335 4635 615 4712 Demosthenem
631 4644 869 4735 respondere:
899 4644 1060 4736 primum
1080 4645 1125 4714 de
1145 4644 1236 4736 lege,
1287 4669 1397 4740 ςιιιιιιι
1421 4639 1532 4715 homo
1554 4639 1801 4713 timidissimus
1835 4641 1943 4733 regiis
1971 4635 2194 4735 largitionibus
2210 4635 2228 4692 e!

238 4763 333 4835 quae
355 4751 452 4812 vetat
471 4743 659 4831 coronari,
693 4742 905 4842 priusquam
927 4748 1064 4818 relatae
1083 4746 1157 4820 sint
1179 4771 1236 4818 ra·
1286 4749 1555 4842 publicisfurtis
1573 4744 1770 4818 ditatores.
1820 4743 1986 4842 Denique
2008 4746 2094 4842 quid
2115 4737 2227 4832 opusnl

238 4843 375 4924 stom
413 4842 542 4916 deinde
563 4849 851 4930 renuntiatione;
891 4850 1018 4936 tern‘o,
1057 4851 1159 4946 quod
1183 4863 1237 4924 cst
1286 4851 1363 4925 istis
1385 4847 1580 4948 lachrymis
1603 4862 1638 4919 et
1660 4849 1727 4920 ista
1749 4848 2055 4942 comploratione,
2093 4865 2161 4914 com
2176 4851 2225 4906 πω

237 4946 495 5042 praedpnum,
541 4947 689 5040 planum
731 4953 857 5038 faciat,
907 4977 944 5025 se
978 4953 1128 5048 dignum
1160 4978 1235 5028 esee
1285 4955 1332 5026 sit
1355 4952 1544 5049 Ctesipho,
1586 4965 1622 5024 et
1639 4951 1811 5024 iudicium
1838 4964 2045 5024 exerceatur
2066 4933 2225 5020 tantumle

239 5075 391 5134 Wffl·
717 5130 724 5142 ,
1285 5058 1444 5130 mulcta?
1493 5057 1553 5130 Tu
1570 5079 1657 5127 vero
1681 5079 1798 5157 neque
1823 5057 1866 5126 de
1888 5053 2119 5150 patrimonio,
2148 5055 2225 5133 ueqtt

342 5155 413 5226 Sed
429 5153 460 5226 si
475 5165 572 5246 petet
587 5177 609 5226 a
623 5154 743 5240 vobis,
768 5170 810 5228 ut
826 5156 1041 5252 permittatis
1055 5181 1139 5232 enm
1161 5159 1234 5230 alio
1285 5162 1438 5246 devita,
1464 5184 1581 5259 neque
1600 5161 1645 5230 de
1662 5159 1796 5230 mulcta
1813 5159 1974 5232 dimicas.

240 5255 367 5328 ordine
387 5256 606 5332 defensionis
625 5259 699 5344 uti,
733 5283 775 5330 ac
794 5261 1022 5354 pollicebitur
1045 5287 1082 5334 se
1103 5261 1143 5333 in
1164 5264 1234 5334 fine
1390 5265 1461 5336 Sed
1482 5289 1558 5338 non
1581 5265 1636 5334 vis
1660 5263 1726 5333 tibi
1745 5263 1838 5355 eripi
1860 5285 2005 5334 auream
2023 5275 2187 5330 coronam.
2204 5249 2224 5356 fl

146 5436 148 5446 ,
238 5358 416 5432 oradonis
431 5363 476 5434 de
489 5361 627 5454 legibus
644 5385 901 5456 responsurum
922 5387 1017 5450 esse,
1042 5390 1089 5438 ne
1110 5389 1235 5438 conce-
1287 5369 1521 5462 praeconium
1539 5379 1664 5442 contra
1679 5365 1774 5460 leges
1787 5367 1983 5438 decretum.
2034 5357 2132 5456 Atqui
2149 5351 2172 5424 si
2188 5340 2223 5412 ht
