4560 5792
39 205 98 282 721
165 193 297 274 XXXII·
338 201 376 274 2.
402 193 806 272 IN'l'ERPRETA'flO
829 191 1094 307 ORleONlS
1112 189 1459 270 otYN'rttlacau
1479 191 1523 266 ll.
1544 191 1899 268 DEMOSTHENIS.
1981 193 2062 274 m

38 401 91 448 nos
115 395 212 466 opem
239 369 411 442 tulerunt.
492 367 678 463 breviter,
731 362 902 440 nonnihil
931 393 1010 440 mo·
1058 391 1194 442 norum
1226 368 1428 440 carminum
1461 363 1625 452 autores,
1662 388 1755 462 quae
1783 365 1990 439 scribuntur
2020 369 2062 440 in

35 475 129 550 menti
151 474 260 543 adfert
283 471 438 564 accessio
471 475 711 568 undecunque
741 473 835 542 facta
863 473 910 544 ad
944 468 1010 540 ali·
1061 497 1142 557 eos,
1166 471 1230 567 qui
1244 495 1318 543 una
1332 470 1509 543 victitant.
1560 471 1678 542 Porro
1697 466 1787 541 haec
1802 471 1947 542 tametsi
1964 471 2060 543 levia

35 583 117 654 euius
132 576 230 648 vires.
281 575 354 650 Per
373 561 448 647 'sese
471 599 559 648 vero
573 576 791 647 Macedones
815 573 1009 646 imbecilles
1059 601 1135 648 esse
1159 577 1351 646 videantur
1366 573 1435 671 ω),
1475 587 1599 645 tamen
1620 571 1754 644 iudicio
1776 575 1999 666 prudentum
2023 587 2061 646 et

33 695 120 765 sunt,
143 692 176 750 et
187 677 309 751 multis
322 679 396 748 iam
412 679 676 750 calamitatibus
690 677 878 750 debilitati.
912 675 1007 748 Nam
1059 678 1269 771 gravissima
1295 690 1504 770 argumenta
1527 689 1612 748 suut
1630 677 1793 769 perditae
1815 675 1855 747 in
1876 677 1938 748 illo
1958 701 2060 747 meu·

33 787 103 856 dum
123 805 141 850 a
163 778 331 872 Philippo
355 781 504 854 assiduis
527 781 815 875 expeditionibus
840 777 1007 880 (propter
1058 782 1125 868 tis,
1160 795 1196 852 et
1216 781 1363 852 exitium
1384 781 1419 850 ei
1439 781 1673 874 portendunt.
1735 777 1872 850 Verum
1894 780 2059 875 aliquau-

32 884 216 981 quasillum
228 895 419 976 tantopere
435 885 585 979 quidam
605 883 821 979 formidant)
843 896 1006 968 vexatur,
1057 885 1169 977 tisper
1183 880 1273 954 baec
1288 885 1463 954 dedecora
1479 883 1629 954 felicitas
1645 882 1720 954 eius
1736 883 1916 954 obscurat.
1962 881 2058 954 Nam

32 987 223 1058 Macedonia
256 987 472 1058 nonnullam
504 987 680 1060 iacturam
715 987 870 1071 virium,
915 1009 1005 1080 quas
1055 989 1232 1060 secundae
1249 1011 1307 1059 res
1321 999 1560 1080 tyrannorum
1577 985 1718 1078 privata
1735 985 1822 1054 vitia
1844 987 2057 1080 plerumque

31 1088 148 1184 alioqui
175 1085 352 1174 habebat,
382 1089 477 1162 fecit.
540 1091 638 1162 Tota
661 1077 759 1160 enim
781 1087 910 1161 erratis
932 1088 1005 1174 via,
1056 1103 1192 1183 tegunt.
1222 1092 1273 1161 At
1288 1089 1502 1162 ubireflarit
1517 1091 1683 1173 fortuna,
1709 1099 1786 1158 tum
1802 1083 1890 1158 haec
1905 1111 1942 1159 se
1957 1089 2055 1158 mala

29 1193 54 1264 si
65 1193 201 1284 perinde
214 1191 380 1264 iudicatis
394 1192 632 1286 popularibus
644 1192 822 1286 voluptati
836 1191 1003 1262 militiam
1054 1196 1212 1286 prodent
1231 1218 1273 1263 ac
1297 1188 1636 1286 deprehenduntur,
1678 1213 1744 1261 nec
1765 1191 1910 1276 dubito,
1952 1191 2054 1286 quin,

28 1319 107 1380 csse,
130 1307 233 1391 atque
249 1291 420 1387 Philippo
438 1308 502 1368 est.
553 1296 621 1366 liic
645 1296 782 1388 gloriae
807 1294 1003 1387 cupiditate
1054 1297 1086 1368 si
1100 1310 1225 1370 nostro
1246 1284 1535 1389 incepto'superi
1557 1293 1734 1390 faverint,
1767 1305 1803 1363 et
1823 1295 2053 1390 propositum

28 1397 150 1488 flagrat,
176 1412 211 1468 et
225 1398 266 1467 in
279 1394 350 1470 hoc
363 1397 543 1469 incumbit
558 1421 599 1470 ac
621 1398 778 1470 decrevit
796 1399 936 1490 agendo
961 1421 1003 1469 ac
1054 1425 1119 1471 vos
1136 1424 1264 1492 urgere
1277 1398 1487 1484 volueritis,
1510 1397 1613 1468 brevi
1628 1399 1718 1467 adeo
1733 1397 1894 1467 futurum
1915 1396 1982 1481 sit,
2012 1407 2055 1466 ut

28 1499 240 1591 periclitando
257 1500 397 1594 ingenti
411 1503 534 1572 animo
555 1505 649 1572 ferre
671 1499 844 1598 quicquid
866 1501 1003 1572 accide-
1052 1515 1169 1596 pestes
1191 1503 1270 1574 illas
1291 1504 1457 1572 fateatur.
1509 1500 1605 1572 Nam
1628 1511 1669 1570 ut
1689 1499 1729 1568 in
1751 1498 1964 1590 corporibus
1986 1523 2053 1568 no·

27 1601 80 1696 rit,
102 1615 134 1672 et
145 1604 325 1696 potiorem
341 1603 415 1674 vita
439 1629 480 1676 ac
500 1604 690 1676 securitate
715 1603 868 1696 gloriam
891 1603 1001 1688 ducit,
1052 1607 1155 1691 stris,
1180 1606 1212 1678 si
1230 1606 1328 1700 quod
1343 1605 1546 1676 membrum
1561 1603 1729 1672 vitiatum
1744 1613 1808 1687 est,
1833 1603 1949 1672 donec
1965 1601 2054 1672 alio·

27 1716 59 1773 nt
70 1701 153 1775 hanc
168 1708 312 1778 laudem
330 1707 490 1792 auferat,
513 1708 647 1780 nullius
664 1720 747 1778 ante
762 1733 799 1779 sc
818 1707 1000 1777 maiorum
1053 1709 1115 1804 qui
1130 1710 1299 1780 valetudo
1315 1708 1454 1799 integra
1468 1718 1538 1791 est,
1564 1729 1641 1776 non
1666 1707 1783 1790 dolet,
1816 1706 1879 1776 sed
1901 1705 2051 1774 adversa

27 1829 70 1874 ras
95 1821 203 1900 gestas
234 1835 317 1880 cum
347 1809 421 1881 suis
448 1811 605 1882 conferri
625 1834 741 1903 posse.
799 1810 999 1903 Populares
1050 1811 1257 1882 valetudine
1271 1813 1311 1880 in
1327 1835 1367 1880 ca
1383 1811 1492 1880 etiam
1511 1808 1673 1901 corporis
1686 1819 1809 1900 parte,
1835 1809 1910 1878 sive
1929 1814 2051 1905 rupta,
2152 1803 2157 1812 '

26 1931 95 1977 vcro
111 1903 175 1980 hac
190 1913 305 2004 gloria
332 1935 409 1982 non
430 1914 618 1994 fruuntur;
652 1915 716 1985 sed
740 1914 827 1983 dum
849 1912 1000 1983 assiduis
1051 1913 1126 1985 sive
1144 1916 1264 1985 luxata
1284 1915 1389 1984 dolor
1404 1912 1633 1984 recrudescit.
1687 1908 1740 1981 Ita
1760 1909 1905 1982 urbium
1928 1933 1970 1979 ac
1993 1921 2051 2002 ty·

26 2013 288 2102 expeditionibus
329 2039 473 2087 sursum
513 2039 555 2086 ac
590 2018 758 2087 deorsum
790 2015 999 2107 fatigantur,
1050 2039 1251 2089 rannorum
1272 2016 1415 2110 privata
1436 2016 1552 2117 mala,
1586 2015 1700 2084 donec
1721 2013 1809 2084 foris
1832 2013 1965 2084 bellum
1991 2033 2051 2102 ge·

25 2128 182 2201 moerent,
208 2131 246 2188 et
260 2118 442 2210 perpetuis
456 2119 638 2190 aerumnis
653 2117 911 2202 conficiuntur,
936 2141 1000 2188 nc-
1049 2132 1157 2206 ruut,
1183 2120 1287 2191 facile
1311 2119 1595 2192 dissimulantur.
1653 2115 1703 2186 At
1725 2141 1807 2187 cum
1832 2115 1934 2186 domi
1953 2113 2051 2206 peri-

27 2218 181 2308 questum
194 2231 302 2292 vacat
315 2221 453 2292 interea
467 2245 595 2316 agrum
612 2223 749 2306 colere,
782 2243 824 2290 ac
846 2243 924 2292 rem
946 2222 999 2290 fa·
1050 2223 1239 2308 clitautur,
1263 2224 1450 2316 patefiunt.
1495 2220 1534 2291 si
1550 2243 1658 2315 quem
1672 2231 1793 2310 autem
1811 2243 1830 2288 a
1845 2219 1941 2288 bello
1956 2241 2052 2288 non-

24 2319 176 2391 miliarem
194 2322 297 2394 domi
312 2346 451 2396 curare.
501 2323 626 2419 Neque
642 2323 673 2396 si
696 2323 784 2420 quid
798 2323 999 2394 latrociniis
1050 2323 1142 2396 nihil
1161 2329 1320 2398 deterret
1342 2321 1505 2416 Philippi
1526 2324 1673 2392 fortuna
1687 2321 1756 2419 ⁶⁷),
1797 2322 1828 2392 is
1851 2322 2051 2414 prudenter
2109 2357 2127 2378 u

23 2419 83 2491 istis
94 2427 327 2522 undecunque
343 2440 488 2519 partum
503 2428 629 2512 suerit,
654 2451 736 2498 cum
751 2428 884 2498 bellum
900 2450 999 2497 com·
1049 2427 1196 2514 iudicat,
1222 2453 1395 2522 magnum
1413 2427 1510 2497 enim
1525 2427 1564 2496 in
1582 2427 1728 2494 fortuna
1743 2437 1969 2494 momentum
1984 2435 2050 2507 est,

25 2526 135 2596 mercia
151 2531 275 2599 omnia
290 2541 326 2600 et
347 2531 509 2623 emporia
529 2530 766 2615 intercludat,
797 2526 998 2600 distrahere
1049 2531 1163 2603 immo
1188 2557 1328 2604 summa
1351 2555 1473 2601 rerum
1498 2525 1740 2600 humanarum
1760 2527 1922 2598 omnium
1941 2528 2051 2618 penei

21 2642 158 2716 possunt.
210 2633 408 2727 Quomodo
428 2633 538 2725 igitur
555 2657 639 2728 erga
655 2629 865 2726 Philippum
882 2655 999 2726 popu·
1050 2659 1129 2705 eam
1147 2648 1211 2706 est.
1270 2635 1397 2728 Qualis
1421 2632 1535 2728 qualis
1566 2644 1686 2702 autem
1716 2632 1862 2702 fortuna
1886 2625 2050 2722 Pbilippi

22 2725 96 2802 lares
109 2733 224 2805 affecti
238 2734 325 2818 sint,
348 2731 433 2806 hinc
447 2737 652 2830 coniectura
665 2738 744 2807 lieri
759 2743 888 2828 potest.
922 2733 999 2806 Du·-
1050 2751 1121 2824 est,
1139 2731 1141 2738 ’
1157 2738 1283 2808 malim
1307 2735 1413 2808 huius
1435 2735 1535 2807 urbis
1555 2735 1781 2823 felicitatem,
1817 2733 1848 2824 si
1872 2732 2047 2802 alterutra

22 2853 65 2901 ces
76 2859 155 2906 vcro
170 2838 391 2930 pedestrium
409 2839 596 2934 copiarum
615 2838 691 2910 cius
715 2839 755 2906 in
778 2862 910 2929 magna
935 2838 998 2907 ad·
1049 2841 1095 2912 sit
1111 2843 1289 2934 optanda,
1315 2843 1426 2910 modo
1442 2839 1511 2931 ipsi
1526 2837 1582 2908 vel
1597 2838 1785 2930 paululum
1801 2835 1972 2916 adiuvare
1988 2858 2050 2903 ve·

21 2933 189 3010 miratione
204 2954 242 3012 et
257 2939 298 3010 in
312 2966 353 3012 re
369 2941 520 3012 militari
534 2941 703 3013 industrii
723 2965 797 3012 esse
818 2939 997 3012 videntur.
1048 2944 1156 3015 limus
1185 2943 1361 3014 industria
1387 2945 1584 3014 fortunam.
1651 2939 1804 3009 Exstant
1826 2938 1924 3008 euim
1947 2931 2053 3008 seua

20 3033 133 3113 Verum
150 3067 234 3136 ergo
256 3069 279 3114 a
303 3048 483 3140 quodam,
516 3045 580 3141 qui
603 3045 643 3114 in
655 3043 872 3138 Macedonia
894 3043 998 3134 dege·
1049 3047 1173 3116 monia
1195 3045 1467 3117 benevolentiae
1497 3043 1642 3114 divinae
1672 3065 1754 3133 erga
1781 3065 1849 3112 nos
1879 3041 2046 3124 certiora,

21 3153 82 3226 rat,
105 3148 236 3242 accepi,
262 3143 412 3232 bomine
428 3149 639 3244 neutiquam
655 3146 786 3218 dubiae
801 3146 897 3230 fidei,
921 3169 998 3216 non
1051 3173 1159 3244 qnam
1188 3172 1273 3241 erga
1303 3149 1418 3218 illum.
1483 3145 1619 3216 Verum
1643 3143 1764 3237 supini
1787 3169 1829 3214 ac
1856 3144 2047 3216 oscitantes

19 3245 192 3320 admodum
215 3251 465 3323 formidabiles
481 3276 568 3324 esse.
621 3250 659 3322 si
683 3250 881 3344 quis-euim
902 3249 998 3318 inter
1049 3277 1237 3324 cessamus.
1294 3249 1501 3322 Ridiculum
1524 3263 1644 3320 autem
1668 3248 1778 3318 fuerit
1800 3237 2046 3344 postulare0)

18 3337 70 3417 bos
84 3353 134 3422 rei
146 3355 315 3425 militaris
330 3356 440 3448 paulo
456 3355 610 3448 peritior
624 3368 689 3438 est,
715 3350 824 3439 bunc,
838 3365 879 3424 nt
893 3351 999 3423 intel·
1049 3356 1106 3426 vel
1121 3357 1167 3426 ab
1184 3353 1329 3440 amicis,
1355 3366 1396 3425 ut
1414 3377 1560 3446 operam
1578 3354 1666 3423 dent
1687 3351 1771 3434 tibi,
1806 3351 1838 3422 si
1859 3350 1934 3444 ipse
1954 3349 2050 3421 nolis

18 3445 91 3538 leti,
130 3457 329 3529 ambitione
361 3460 518 3554 quadam
549 3471 585 3529 et
606 3457 804 3528 invidentia
831 3470 998 3528 exaucto·
1048 3458 1234 3543 laborare,
1268 3470 1409 3529 tautum
1434 3458 1553 3540 abest,
1586 3469 1627 3526 ut
1639 3455 1734 3525 Deos
1755 3477 1940 3543 speremus
1964 3454 2050 3522 dor-

18 3575 85 3626 rare
113 3563 250 3647 studet,
291 3581 339 3632 ne
365 3561 467 3632 cuius
500 3559 633 3632 virtute
665 3561 741 3653 ipse
768 3561 996 3639 obscuretur3
1049 3562 1244 3632 urientibus
1260 3562 1484 3630 confecturos
1501 3583 1587 3628 esse.
1626 3557 1748 3650 Quare
1765 3579 1840 3623 nou
1857 3570 1923 3641 est,
1948 3557 2049 3648 quod

19 3677 87 3750 erga
123 3665 284 3761 reliquos
316 3663 595 3757 incomparabili
626 3661 825 3733 ambitione
859 3663 998 3732 fereba-
1049 3665 1181 3734 mirere
1196 3659 1357 3752 Philippi
1372 3661 1597 3742 felicitatem,
1624 3661 1684 3728 ille
1701 3660 1883 3727 fortunam
1907 3656 1975 3728 sibi
1995 3657 2049 3726 fa-

18 3769 65 3830 lur
81 3765 143 3840 uti.
1050 3766 1118 3849 cit,
1144 3791 1224 3834 cum
1243 3765 1318 3855 ipse
1334 3762 1483 3845 militat,
1510 3760 1652 3832 labores
1667 3785 1732 3854 per
1747 3784 1823 3832 sese
1841 3759 1936 3844 obit,
1969 3759 2051 3830 ubi-

1051 3892 1121 3964 que
1139 3869 1258 3949 adest,
1289 3865 1494 3936 occasiones
1510 3889 1635 3936 omnes
1646 3877 1766 3956 urget.
1788 3947 1791 3954 1
1810 3857 1891 3936 ¹Vos
1909 3876 2048 3950 contra,

260 3951 418 4038 ΟΜΝ
440 3951 642 4040 f’fiMW'
667 3951 739 4020 Ἠ·
1051 3969 1268 4056 contamini,
1300 3968 1508 4053 decernitis,
1539 3967 1674 4060 rogatis
1695 3967 1902 4038 sententias.
1967 3966 2048 4058 Ego

103 4083 141 4156 Si
171 4085 253 4182 quis
280 4110 367 4158 vero
398 4085 618 4170 modestior,
660 4097 724 4154 ant
753 4079 882 4154 natura
916 4104 998 4154 san·
1050 4099 1136 4146 sane
1153 4097 1229 4146 non
1246 4071 1379 4157 miror,
1405 4097 1490 4142 suae
1506 4071 1606 4142 illum
1627 4072 1824 4142 industriae
1845 4069 2049 4162 praemium

17 4181 165 4286 ctiorffl),
206 4212 318 4285 quam
341 4201 383 4260 ut
404 4190 498 4260 ferre
525 4187 601 4260 eius
623 4200 838 4280 perpetuum
861 4187 999 4270 luxum,
1050 4180 1164 4282 ferre,
1206 4177 1318 4246 immo
1343 4174 1456 4266 magis
1480 4177 1684 4245 mirandum
1706 4173 1833 4258 suerit,
1866 4173 1895 4244 si
1920 4195 1986 4242 nos
2010 4171 2048 4240 iu

14 4287 208 4363 ebrietatem
233 4307 270 4362 et
293 4292 502 4364 saltationes
525 4303 636 4387 queat
665 4290 868 4376 contemni,
909 4287 999 4359 acci·
1052 4295 1150 4352 tanta
1172 4279 1314 4373 ignavia
1339 4279 1543 4370 superiores
1566 4303 1741 4362 essemus,
1775 4275 1938 4346 rumille
1965 4299 2049 4347 nus-

17 4389 210 4478 pio,1etin
229 4396 331 4467 nullu
349 4420 500 4467 numero
522 4391 668 4479 haberi,
700 4395 859 4491 reliquos
876 4417 1000 4485 super·
1052 4409 1160 4479 quam
1183 4406 1260 4452 non
1285 4382 1466 4470 advigilet.
1534 4378 1609 4451 lam
1642 4379 1711 4452 hoc
1735 4382 1850 4450 miror
1864 4378 1931 4474 ω),
1966 4403 2048 4447 cum

17 4513 80 4562 esse
99 4501 194 4590 apud
213 4524 296 4570 eum
310 4497 469 4569 latrones
492 4523 533 4568 ac
555 4497 752 4590 palpones,
785 4497 914 4592 quibus
935 4519 999 4566 vo·
1042 4485 1348 4559 lacedaemoniis
1365 4484 1452 4552 olim
1469 4483 1578 4556 totius
1594 4483 2049 4580 reliquaeGraeciaecausa

17 4589 133 4686 luptati
150 4611 203 4673 est
223 4625 295 4672 una
310 4615 502 4696 perpotare
521 4625 561 4672 ac
576 4601 727 4686 saltare,
759 4612 794 4670 et
810 4597 999 4670 admittere
1050 4591 1184 4663 bellum
1209 4589 1421 4671 intuleritis,
1452 4600 1488 4656 ct
1508 4612 1587 4657 cum
1614 4587 1763 4680 possetis
1791 4587 1961 4679 privatim
1987 4608 2052 4676 per

18 4711 165 4788 caetera,
193 4728 285 4798 quae
301 4708 412 4798 pudet
426 4705 533 4777 etiam
551 4703 761 4787 nominare,
788 4718 896 4798 atque
912 4698 1001 4772 haec
1051 4697 1215 4767 fraudem
1236 4693 1362 4764 vestris
1385 4691 1584 4762 commodis
1605 4691 1811 4775 consulere,
1851 4686 2049 4759 malueritis

18 4795 49 4866 in
69 4807 262 4896 propatulo
284 4821 386 4892 sunt;
419 4807 613 4878 nonenim
637 4808 827 4878 obscurum
850 4801 1001 4878 csthi-
1053 4811 1188 4871 vestras
1200 4801 1364 4869 fortunas
1381 4819 1422 4864 ac
1437 4794 1587 4866 salutem
1606 4793 1824 4888 periclitari,
1857 4819 1903 4863 ne
1929 4789 2052 4884 oppri-

17 4897 105 4994 lippo
123 4902 190 4980 hos
206 4934 346 4984 scurras
361 4911 465 4982 unice
482 4924 603 5004 gratos
618 4935 659 4980 ac
674 4910 881 4994 familiares,
898 4933 1002 5004 quos,
1054 4959 1261 4974 ----

20 5004 92 5096 (Ι11ἰᾶ
107 5010 507 5108 sunlimplldfflfiffiess
531 5039 640 5110 quam
656 5036 723 5106 Par
738 5013 802 5099 ⁵5¹2
834 5014 924 5085 urhe
943 5035 1003 5082 Vi·
1087 5057 1138 5117 σε)
1156 5056 1190 5107 tt.
1207 5055 1228 5105 l.
1248 5053 1343 5107 annot.
1360 5049 1496 5116 margine
1520 5047 1705 5112 amplificatio
1722 5047 1793 5098 utra
1811 5047 1975 5110 opportuna„

16 5113 235 5186 masticem
264 5118 404 5203 soletis,
444 5117 595 5188 Calliam
625 5115 792 5187 videlicet
819 5117 1002 5210 publicum
1089 5139 1139 5208 ar)
1161 5143 1195 5195 n.
1213 5141 1233 5191 1.
1251 5141 1346 5192 suot.
1372 5137 1508 5202 aarum
1541 5136 1658 5189 concert
1684 5137 1824 5188 sonuum
1848 5127 1965 5193 aarum
1987 5139 2049 5181 oum

19 5214 249 5308 mancipium,
274 5217 390 5292 etboc
404 5244 514 5313 genus
530 5220 619 5291 alios
637 5221 785 5306 mimos,
812 5233 848 5292 et
860 5222 1006 5293 obscoe·
1090 5212 1240 5354 ωςοὲωἷ*
1251 5211 1497 5354 fflffi‘m
1520 5288 1697 5354 mamm,
1714 5296 1779 5337 m
1793 5296 1812 5336 ,
1827 5283 1942 5336 mn.
1958 5281 1988 5334 ιη
2006 5281 2052 5336 ιη.

26 5365 221 5421 ““““····-τ·
1128 5363 1264 5414 austriam
1282 5362 1375 5415 omitto
1395 5362 1513 5414 confert.

50 5443 95 5506 tt)
112 5449 145 5502 a.
163 5453 183 5503 1.
201 5459 294 5514 annot.
312 5455 447 5524 nargtnc
476 5455 573 5522 ouetts
592 5453 722 5522 prtvcttn
739 5455 799 5510 etur
818 5455 885 5510 ritu
1092 5449 1143 5518 bt)
1161 5449 1197 5505 tt.
1214 5449 1234 5504 t.
1252 5429 1344 5500 adnot
1361 5445 1497 5514 uerutus
1518 5443 1562 5496 Ex
1580 5440 1698 5496 nfuors.

25 5524 197 5604 lusura.
217 5539 323 5610 orna.
354 5543 442 5609 Vou.
457 5543 566 5608 xvii.
1440 5513 1493 5586 4⁶
