4648 5794
61 179 128 252 ast
178 169 293 248 XXIII.
331 167 643 248 ARGUMENTA
664 168 730 246 ΕΤ
752 166 956 246 scuotta
977 163 1027 242 IN
1046 165 1196 246 EPIS'l'.
1215 169 1328 247 Fata.
1351 171 1436 249 CIC.
1462 172 1551 250 LIB.
1567 171 1639 250 XII.
1666 175 1740 254 ΕΡ.
1760 183 1933 264 16-20.
1992 187 2068 266 488

37 315 166 420 Ἰευάειῑ
186 346 258 418 eius
284 344 471 417 consilium
494 344 533 416 in
557 345 689 418 tuenda
707 343 905 438 provincia.
956 340 1029 411 De·
1082 341 1225 413 ordinm
1259 356 1312 415 est
1332 341 1489 440 ἠθικὸν,
1527 349 1585 420 cui
1611 350 1837 444 subiungitur
1861 361 2073 452 propositio,

56 453 128 522 iude
154 451 195 520 de
226 449 482 542 tranquillitate
509 448 609 520 urbis
632 449 762 518 iterum
787 447 879 538 agit,
922 445 1027 514 etde
1080 469 1150 538 qua
1173 447 1363 537 praecipue
1389 461 1491 541 optat
1513 453 1644 522 bellum
1667 477 1686 522 a
1712 453 1856 529 Parthis
1880 461 2072 536 imminens

56 553 263 647 quorundam
294 550 465 621 violentia
495 549 738 644 conqueritur.
810 547 944 641 Estque
976 546 1027 616 ibi
1076 546 1226 617 feliciter
1242 572 1260 614 a
1277 549 1469 622 Cornificio
1483 554 1662 625 sustineri.
1713 555 1838 653 Itaque
1855 564 1962 634 etiam
1986 589 2070 636 con.

53 649 295 748 pulcherrimus
311 654 408 724 locus
434 653 635 724 communis
658 653 702 722 de
728 651 825 724 exitu
846 651 1029 734 bellorum,
1076 649 1194 718 silium
1217 651 1336 734 addit,
1374 679 1445 746 quo
1472 657 1662 739 admonet,
1696 665 1880 753 quomodo
1904 667 2068 738 deficien-

55 755 213 838 civilium,
239 779 311 849 quo
326 754 451 824 Cicero
468 779 575 846 supra
592 754 755 824 etiamin
776 765 906 849 quarto
929 751 1022 821 libro

53 859 160 928 iisdem
176 857 249 927 fere
266 857 383 928 verbis
404 881 488 928 usus
504 868 568 929 cst.

239 997 240 1010 ἵ
276 1023 416 1094 Aliud
441 1035 768 1115 argumentum.

134 1155 328 1228 Exordium
352 1153 458 1228 babet
482 1159 600 1228 iocum
626 1181 646 1227 a
669 1155 911 1250 respondendi
938 1179 1022 1225 cou-

52 1259 215 1331 suetudine
235 1258 360 1354 ordine
375 1261 530 1332 inverso.
581 1260 788 1354 Sequuntur
803 1271 874 1330 tres
897 1281 1021 1327 narra-

52 1363 147 1432 tiones
158 1362 417 1453 responsoriae.
466 1364 589 1434 Prima
605 1375 657 1434 est
681 1363 725 1433 de
749 1384 813 1433 sua
837 1359 1018 1452 diligentia

52 1463 207 1534 inlitteris
221 1464 436 1548 scrIbeudis,
463 1489 554 1561 quae
574 1462 733 1535 continet
756 1460 938 1556 obliquam
962 1487 1019 1532 ex-

53 1567 260 1638 cusationem.
312 1567 474 1638 Secunda
489 1565 597 1638 babet
614 1565 913 1659 approbationem
933 1587 1018 1635 con-

54 1669 107 1738 silii
127 1668 325 1755 Cornificii,
361 1683 481 1766 estque
506 1669 625 1742 addita
653 1669 772 1740 brevis
798 1665 946 1761 petitio,
977 1679 1019 1738 ut

54 1770 169 1864 saepius
182 1771 316 1842 scribat
333 1774 377 1843 de
391 1785 469 1844 toto
483 1773 640 1865 negotio.
697 1771 833 1842 Ultima
858 1768 1019 1840 continet

53 1878 208 1966 quandam
236 1877 451 1970 querelam,
493 1878 591 1970 quod
620 1873 740 1944 neutri
764 1868 882 1942 adhuc
904 1872 1016 1942 conti-

53 1975 124 2065 gerit
141 1973 332 2050 honestum
357 2001 398 2048 ac
417 1977 500 2048 felix
523 1977 657 2062 otium,
699 1989 734 2046 et
755 1977 854 2070 quod
877 1974 1015 2043 Romae

52 2079 141 2148 multa
156 2081 239 2150 bant
255 2093 385 2151 contra
399 2076 635 2154 honestatem.
690 2075 734 2148 In
749 2080 818 2148 fine
830 2077 948 2148 brevis
965 2087 1018 2146 est

54 2177 249 2268 adhortatio,
277 2195 321 2253 ut
334 2183 469 2255 redeat.

264 2351 409 2422 Aliud
434 2361 762 2443 argumentum.

132 2483 290 2577 Epistola
313 2509 460 2578 prorsus
481 2496 535 2556 est
556 2480 753 2552 familiaris.
819 2480 944 2552 Primo
971 2481 1016 2550 de

54 2587 199 2657 scribendi
216 2589 339 2658 officio
355 2600 391 2656 et
404 2585 542 2657 litteris.
593 2583 730 2654 Deinde
748 2583 892 2652 collatio
909 2607 1016 2676 quae-

54 2687 116 2756 dam
132 2713 242 2762 rerum
258 2688 450 2782 utriusque
464 2687 534 2758 loci
548 2699 583 2755 et
597 2685 741 2779 Syriae,
765 2685 828 2754 ubi
843 2684 1015 2755 eratCor-

54 2788 182 2877 nificius,
207 2805 242 2864 et
260 2792 427 2875 Romae,
452 2789 515 2860 ubi
533 2788 670 2859 Cicero.
721 2787 910 2858 Postremo
930 2783 1014 2857 bor-

53 2901 142 2978 tatur,
162 2909 200 2966 ut
216 2896 254 2966 in
269 2893 413 2964 ltaliam
429 2891 546 2962 redire
562 2901 729 2960 maturet.

239 3061 383 3132 Aliud
410 3055 799 3152 argumentum⁸⁸).

133 3197 376 3292 Responsoria
393 3208 464 3281 est,
490 3218 641 3290 eamque
665 3190 806 3263 orditur
826 3213 846 3259 a
869 3213 1015 3262 consue·-

54 3297 152 3370 tudine
168 3314 359 3372 oratorum
374 3299 413 3370 in
425 3296 676 3390 respondendo
699 3319 761 3365 seu
784 3293 1015 3363 conbrtando.

53 3395 193 3493 Sequitur
218 3403 342 3474 brevis
362 3401 544 3485 narratio,
578 3421 670 3494 quae
694 3393 803 3467 habet
822 3407 1016 3466 excusatio-

52 3523 116 3570 nem
130 3503 311 3576 varietatis
325 3505 539 3575 litterarum.
595 3500 687 3572 Huic
708 3501 889 3570 adduntur
913 3497 1015 3566 aliae.

52 3599 150 3674 l'rima
166 3611 207 3678 de
222 3607 379 3698 acceptis
393 3607 539 3688 litteris,
565 3604 686 3674 addita
702 3599 953 3672 adhortatione
970 3599 1015 3668 ad

1076 749 1170 821 tibus
1193 752 1330 822 viribus
1352 778 1388 823 se
1405 759 1499 826 tueri
1514 761 1637 850 possit.
1688 758 1729 829 lu
1751 763 1820 833 fine
1835 766 1925 857 petit
1942 793 1962 838 a
1979 768 2068 840 Cor·

1078 852 1197 923 nificio
1224 855 1372 926 litteras.

1324 990 1460 1060 Aliud
1487 1008 1812 1083 argumentum.

1175 1107 1372 1180 Exordium
1396 1122 1578 1200 sumptum
1597 1125 1649 1182 est
1672 1116 1716 1183 ab
1735 1117 1920 1190 occasione
1943 1123 1986 1192 de
2005 1146 2061 1192 ac·

1074 1211 1182 1302 ceptis
1204 1212 1342 1282 litteris.
1396 1212 1564 1306 Sequitur
1580 1217 1757 1305 precatio,
1784 1232 1823 1290 ut
1840 1245 1896 1293 res
1911 1224 2060 1296 feliciter

1072 1315 1174 1382 cedat
1198 1313 1236 1383 in
1257 1313 1351 1384 bello
1381 1317 1536 1406 gerendo
1570 1328 1605 1384 et
1632 1317 1669 1385 iu
1697 1319 1881 1410 provincia
1907 1327 2059 1396 admini-

1070 1417 1226 1488 stranda.
1263 1417 1469 1487 Precatioui
1496 1417 1657 1504 additum
1684 1431 1735 1490 est
1758 1423 1956 1498 consilium.
2016 1426 2057 1498 ln

1070 1518 1139 1587 fine
1153 1530 1205 1589 est
1218 1519 1335 1589 brevis
1351 1515 1576 1602 adhortatio,
1599 1532 1639 1589 ut
1655 1523 1795 1614 saepius
1814 1527 1955 1600 scribat.

1313 1649 1451 1720 Aliud
1483 1666 1811 1742 argumenturm

1169 1766 1268 1837 Beue
1289 1782 1457 1860 precatur
1475 1768 1687 1856 Cornificio,
1711 1775 1768 1844 cui
1784 1775 1887 1868 Syria
1907 1781 2054 1870 provin-

1068 1867 1120 1938 cia
1155 1871 1350 1963 obtigerat,
1385 1883 1419 1940 et
1452 1873 1556 1941 docet
1582 1897 1663 1942 eum
1688 1877 1730 1944 de
1753 1877 1847 1948 bello
1871 1879 2052 1955 Parthico.

1067 1972 1237 2055 Orditur,
1263 1985 1456 2064 utsupra,
1483 1997 1503 2041 a
1529 1977 1822 2067 comprobatione
1838 1980 2052 2056 litterarum.

1285 2123 1425 2195 Aliud
1457 2129 1839 2228 argumentumss).

1167 2241 1365 2312 Monitoria
1396 2255 1449 2314 est
1481 2244 1630 2336 epistola
1661 2248 1705 2316 de
1736 2250 1884 2320 consilio
1905 2253 2051 2326 vitando

1068 2357 1192 2417 contra
1214 2340 1380 2416 Parthos.
1430 2343 1629 2418 Exordium
1654 2349 1807 2420 sumitur
1822 2377 1864 2420 ex
1887 2377 2053 2446 compro-

1067 2449 1211 2518 batione
1227 2439 1440 2518 littera'rum.
1492 2447 1660 2542 Sequitur
1675 2452 1855 2538 narratio,
1883 2478 1974 2546 quae
1990 2453 2052 2528 ba-

1065 2553 1126 2620 bet
1145 2549 1407 2642 precationem,
1433 2561 1473 2620 ut
1494 2549 1642 2621 feliciter
1661 2553 1885 2625 administret
1905 2559 2052 2646 provin-

1067 2653 1170 2722 ciam.
1221 2652 1348 2723 Postea
1366 2651 1514 2744 ponitur
1531 2653 1718 2724 consilium
1739 2656 2050 2748 confligendicum

1066 2753 1237 2844 hostibus.
1298 2752 1487 2824 Conclusio
1520 2768 1659 2826 constat
1688 2755 1944 2848 significatione
1964 2787 2050 2833 suae

1066 2855 1269 2947 diligentiae
1293 2856 1331 2924 iu
1356 2855 1551 2928 scribendis
1564 2857 1711 2944 litteris,
1738 2872 1773 2928 et
1786 2855 2050 2950 adhortatione,

1067 2971 1107 3028 ut
1127 2956 1281 3028 vicissim
1307 2957 1510 3048 saepissime
1536 2960 1677 3030 scribat.
2125 2961 2130 2970 ’

1202 3109 1536 3201 Argumentum
1571 3109 1801 3202 epistolae
1828 3113 1902 3186 XX.

1166 3225 1428 3323 Narratioffi),
1461 3226 1596 3322 inqua
1626 3230 1845 3321 expostulat,
1883 3235 1982 3326 quod
2005 3235 2049 3303 ad

965 3395 974 3410 ,
1067 3351 1104 3399 se
1129 3351 1205 3398 non
1218 3329 1416 3401 diverterit.

1275 3469 1417 3544 Aliud
1443 3485 1766 3564 argumentum
1780 3473 1840 3568 ⁸⁹).

1168 3589 1291 3662 locosa
1321 3605 1374 3662 est
1394 3593 1554 3683 epistola.
1614 3593 1704 3662 Cum
1728 3592 1824 3660 euim
1841 3591 2051 3669 Cornificius

52 3727 135 3797 saepe
150 3711 389 3780 scribendum,
439 3709 560 3779 Altera
580 3707 690 3776 estde
706 3727 771 3775 suo
790 3701 924 3785 animo,
943 3725 1016 3796 quo
1068 3693 1293 3785 praediolum
1322 3694 1527 3774 Ciceronis,
1567 3695 1665 3785 quod
1695 3692 1882 3763 Sinuessae
1912 3691 2050 3783 habuit,

52 3807 151 3880 tulerit
164 3811 374 3892 discessum
400 3811 443 3880 de
458 3822 554 3880 statu
567 3807 684 3885 urbIst
716 3805 801 3874 item
817 3805 938 3875 desua
954 3826 1017 3894 pa.
1068 3793 1310 3887 praeterierit,
1336 3793 1470 3863 indicat
1493 3794 1617 3865 Cicero
1648 3817 1713 3884 per
1735 3797 2050 3888 prosopopoeiam,

52 3908 155 3982 nentia
178 3913 216 3984 in
238 3913 397 3984 serendis
428 3910 613 3994 omnibus,
654 3930 746 4003 quae
775 3905 933 4000 quotidie
961 3929 1018 3973 ac.
1068 3895 1169 3964 illum
1184 3903 1427 3988 contemptum
1444 3895 1569 3990 iniquo
1581 3894 1702 3966 animo
1719 3919 1738 3966 a
1755 3897 1903 3990 praedio
1921 3901 2047 3992 accipi.

53 4010 163 4088 cidunt.
203 4025 216 4048 “
1068 3996 1208 4066 Deinde
1231 4011 1336 4086 rogat
1357 3996 1427 4068 sibi
1447 3998 1668 4068 occasionem
1691 3999 1769 4067 dari
1792 4002 1951 4069 certandi
1966 4004 2052 4072 scri·

1069 4099 1139 4192 ptis
1161 4123 1242 4170 cum
1267 4098 1479 4185 Cornificio,
1512 4126 1553 4171 ex
1582 4125 1654 4194 quo
1679 4113 1828 4191 apparet
1843 4101 2050 4173 Ciceronem

1070 4202 1177 4272 etiam
1201 4204 1510 4294 occupatissimum
1536 4203 1739 4272 occasiones
1763 4204 1949 4274 exercendi
1970 4207 2052 4300 styli

1071 4327 1297 4400 quaesrvrsse.

1316 4421 1799 4512 Aliud'argumentum.

200 4207 389 4294 Scholia
417 4219 463 4288 iu
488 4215 733 4312 epistolam
760 4207 850 4282 XIX.

138 4369 168 4464 ἓ.
186 4377 220 4445 1.
253 4367 598 4468 Libentissimelefi]
633 4365 831 4440 Exordium
856 4389 898 4436 ex
911 4385 1019 4465 ¹occa-

53 4469 146 4558 tione,
170 4478 269 4571 quod
283 4476 424 4547 litterae
438 4474 598 4545 redditae
615 4471 698 4542 sint.
750 4471 894 4550 Bellum,
918 4465 1018 4562 quod]

54 4568 214 4651 Naum&
1171 4541 1446 4614 Narratiuncula
1468 4554 1520 4612 est
1552 4540 1738 4612 continens
1763 4540 1915 4611 amicam
1944 4567 2052 4638 expo-

1070 4641 1318 4728 stulationem,
1371 4644 1468 4737 quod
1505 4641 1727 4734 praeterierit
1767 4643 2053 4720 diversoriolum.

326 4718 729 4818 Argumentumfl).
1070 4745 1209 4815 Deinde
1256 4745 1399 4815 additur
1445 4739 1778 4829 adhortatiuncula,
1826 4759 1867 4816 ut
1914 4751 2053 4842 saepius

140 4857 309 4931 Precatur
338 4857 528 4932 Cornificio
564 4853 767 4924 felicitatem
797 4851 836 4919 in
868 4846 1021 4918 admiui-
1071 4847 1212 4919 scribat.

56 4962 181 5030 stranda
195 4963 394 5052 provincia,
418 4973 455 5030 et
467 4955 681 5030 sustinendis
697 4955 735 5023 iu
751 4977 790 5023 ea
805 4951 919 5022 bellis.
952 4949 1021 5020 Ex·
1072 4967 1437 5076 mmmmm
1461 5009 1489 5058 tu
1508 5008 1593 5063 mm·
1613 5007 1803 5060 15654596,
1820 5010 1944 5061 affertur.

1101 5081 1175 5141 88¹)
1193 5081 1262 5131 Italo
1280 5081 1341 5132 vocl
1359 5081 1394 5162 ln·
1409 5078 1492 5128 Edltt.
1511 5078 1719 5140 tato-tata,
1745 5077 1837 5142 ibba,
1864 5078 1958 5160 ¹.⁵⁵⁷''
1980 5081 2052 5131 1560.

85 5193 126 5254 a
142 5197 198 5248 ιω
212 5198 403 5263 ...a
1141 5147 1645 5281 tratactuutut
1655 5145 2053 5277 ..recautum

86 5293 127 5360 ⁸1)
142 5297 197 5348 ttae
212 5299 402 5364 argumentum
420 5299 449 5348 at
471 5291 684 5358 tramontio
699 5292 734 5344 ob
750 5289 834 5342 sust.
853 5287 939 5356 tatu,
958 5289 1025 5345 tota
1108 5286 1158 5346 89)
1176 5289 1235 5338 ttoc
1251 5290 1441 5352 argumentum
1455 5285 1482 5336 et
1494 5283 1546 5334 (too
1558 5283 1702 5348 amuentta
1712 5281 1834 5334 innuo.
1846 5281 1933 5344 taos,
1946 5282 2054 5335 tatto-

116 5365 226 5420 -uoo,
245 5359 428 5422 mittantur.
1147 5355 1222 5408 toas.
1240 5355 1425 5412 inveniuntur.
1906 5389 1911 5400 .

1462 5415 1547 5497 28*

59 5110 244 5130 *un—-
