4548 5788
25 182 83 258 m
119 170 270 248 ‘xxxam
314 169 542 246 mannen
555 167 872 246 'ommonem
892 166 1238 244 uruosmnrs
1260 167 1464 248 coum
1483 172 1902 254 amsroerroanu.
1956 126 2071 258 asa
2205 259 2208 267 ,

26 355 116 422 beret.
173 345 223 420 Et
246 343 346 438 quod
375 337 464 414 haee
482 365 572 414 ‚vera
596 343 704 429 sinn?
730 365 870 418 ιεεεειε
901 337 1007 414 mibi.
1044 363 1114 436 qne
1147 345 1290 418 talentis
1318 343 1537 433 mulctastis,
1584 363 1648 420 aut
1679 349 1763 445 quia
1798 351 1911 444 digito
1943 350 2040 426 hunc

25 456 131 532 istum,
152 448 250 522 euers
264 448 476 535 admorsum
484 470 620 522 nasum
636 447 835 518 devoravit.
881 445 991 539 Egre-
1044 449 1247 534 ostenditis,
1288 473 1369 520 cum
1400 450 1704 544 improbissimum
1733 455 1950 526 nebulonem
1980 461 2041 530 de-

25 557 70 650 gia
93 556 176 622 lacta
206 546 361 623 rhetoris
392 549 720 649 commemorow),
755 549 903 642 dignum
927 563 992 635 est,
1043 549 1186 643 signare
1202 552 1331 638 vultis,
1356 566 1419 626 aut
1434 555 1518 651 quia
1536 557 1644 628 salvis
1668 557 1804 649 legibus
1826 583 1902 628 non
1923 573 2042 652 potest

24 657 135 732 scilicet
152 651 245 726 huno
266 653 342 731 tali,
354 675 427 724 ore·
443 653 631 727 eonsilium
655 654 874 747 reipublicae
893 654 991 724 dare.
1043 678 1118 725 esse
1134 654 1345 740 incolumis,
1371 671 1434 728 aut
1448 659 1532 753 quia
1547 673 1678 732 natura
1694 661 1939 752 impudensw)
1963 663 2059 736 esti‘

22 760 164 832 hannon
177 759 287 850 pudet
302 781 386 840 uos,
410 779 492 836 cram
515 757 653 828 scelesti
674 781 717 828 ac
741 757 912 827 damuati
926 752 992 828 ho-
1042 755 1155 852 atqui
1172 757 1406 850 *impudentis
1440 761 1716 855 appellau'onem
1751 764 1836 834 inde
1868 779 2041 852 meretur,

21 861 164 934 minesin
179 869 320 934 esccer‘e
335 860 407 932 tale
426 863 471 932 de
496 883 538 931 eo
558 859 732 932 iudicium
751 860 920 943 iecerint,
952 871 993 929 ut
1043 861 1127 954 quia
1145 861 1291 932 mentiri
1307 864 1428 954 palam
1445 859 1537 934 nihil
1553 869 1674 958 pudet.
1726 867 1915 938 Postremo
1931 871 2041 940 etiam

20 963 246 1038 interdixerint
273 963 306 1032 oi
336 963 594 1036 eomuetudine
622 961 799 1049 aliorum,
830 959 927 1034 hune
953 961 992 1030 in
1042 964 1088 1034 de
1105 963 1289 1062 eousa⁸⁰),
1316 987 1357 1036 ea
1374 991 1466 1061 quae
1489 969 1768 1060 praetermisisse
1781 969 1966 1065 Lycurgus
1988 973 2042 1042 vi·

20 1070 130 1140 civium
151 1091 343 1140 nnmerum
363 1067 542 1158 recipere,
576 1091 656 1137 oum
684 1093 767 1138 enen
790 1069 883 1158 leges
907 1063 992 1134 civi·
1043 1069 1170 1151 detur,
1194 1067 1344 1138 dicenda
1363 1083 1457 1142 sunt.
1518 1069 1583 1142 Est
1606 1085 1725 1143 autem
1752 1072 1790 1142 in
1813 1069 1883 1144 hoc
1906 1075 2040 1146 indicio

19 1183 78 1242 tate
91 1168 251 1260 exigant?
282 1169 352 1240 Sed
365 1170 455 1262 quid
471 1170 590 1240 verbis
605 1195 695 1264 opus
709 1181 780 1266 est,
804 1166 994 1240 nihilfecit
1044 1169 1193 1263 perinde
1210 1172 1315 1242 nobis
1328 1173 1552 1257 faciendum,
1579 1187 1686 1269 atque
1702 1175 1732 1245 si
1749 1176 1793 1244 de
1814 1178 1956 1247 funebri
1978 1202 2041 1275 pe·

20 1299 160 1368 napum
175 1272 323 1365 dignum
341 1273 468 1357 lande,
491 1269 590 1344 nihil
605 1296 681 1344 non
697 1274 854 1343 alienum
872 1269 991 1342 officio
1045 1275 1148 1344 cunia
1166 1274 1324 1366 cognitio
1340 1278 1452 1348 lieret.
1486 1277 1542 1346 -si
1559 1277 1655 1345 euim
1672 1292 1898 1351 accusaretur
1912 1281 2041 1376 aliquis

19 1378 92 1448 boui
110 1375 187 1447 viri.
252 1377 357 1448 Adeo
381 1389 435 1447 est
456 1377 608 1468 impius,
645 1377 817 1460 crudelis,
851 1373 993 1448 sacrile-
1044 1377 1173 1447 debere
1191 1390 1327 1446 certam
1351 1380 1559 1471 pecuniam3
1595 1379 1713 1450 atille
1736 1393 1860 1450 contra
1881 1396 2040 1475 negaret,

18 1505 85 1572 gns,
120 1474 362 1573 sycophanta,
398 1491 537 1550 etcum
561 1475 617 1550 his
637 1480 800 1551 moribus
822 1479 931 1549 audet
953 1475 992 1546 in
1043 1479 1106 1550 nbi
1127 1475 1408 1571 cognovissetis,¹
1439 1495 1645 1577 qnopacto
1667 1496 1850 1576 sumptum
1874 1498 2040 1556 mutuum

19 1583 164 1652 omnibns
186 1581 419 1658 conamina
447 1582 659 1667 vociferari,
699 1607 737 1654 se
767 1606 881 1652 rutum
908 1580 1014 1650 reli·¹
1044 1595 1155 1667 esset,
1179 1585 1390 1676 etprolatae
1413 1586 1554 1656 litterae
1576 1597 1713 1670 essent,
1747 1585 1953 1659 iudicaretis
1974 1589 2041 1658 im·

18 1685 634 1782 quumeesereipnblicaecolnmen,
660 1685 751 1756 alios
767 1709 892 1756 omnes
908 1707 992 1753 con·
1043 1686 1445 1777 pudontomesseeum,
1470 1690 1589 1783 quise'
1606 1689 1735 1758 debere
1751 1703 1925 1782 negasset.
1969 1689 2042 1762 Sin

18 1787 410 1882 spirasseinpernieiem
427 1787 594 1874 usitatis,
617 1789 781 1882 proditos
795 1813 870 1860 esse
885 1787 992 1869 cinea,
1043 1801 1165 1858 nutem
1189 1791 1353 1860 deessent
1373 1791 1598 1874 testimonia,
1638 1803 1823 1864 accusator
1851 1794 2042 1887 impudens
2160 1799 2163 1804 “

16 1891 150 1985 denique
165 1913 335 1964 sesunnm
352 1899 537 1984 praestare
552 1892 710 1964 debitam
726 1892 864 1986 popolo
883 1891 992 1960 hene·
1044 1890 1235 1964 diceretur.
1293 1889 1593 1966 ltaethaeeres
1617 1889 1797 1966 sehabet.
1849 1893 1956 1967 Extat
1978 1918 2042 1991 pa·

15 1995 199 2068 volentiam.
250 1993 386 2066 Verum
405 1996 667 2086 expendamus,
693 1995 825 2091 quibus
846 2019 888 2064 ex
909 2012 992 2062 cau·
1044 1993 1218 2092 etnm⁸¹),
1241 2017 1286 2064 ex
1310 2021 1383 2091 qno
1405 1999 1511 2068 debet
1524 1997 1769 2090 Aristogiton,
1801 2000 1895 2089 leges
1917 1999 2043 2096 videli7
2131 2031 2136 2040 ·
2175 1985 2178 1994 ’

15 2099 53 2169 sis
63 2109 155 2168 tanta
167 2121 255 2191 erga
270 2117 335 2170 vos
354 2098 606 2171 beneolentia
630 2095 905 2191 manaverint),
920 2108 992 2180 ut,
1044 2109 1119 2183 cet,
1158 2119 1312 2192 quarum
1338 2101 1535 2176 autoritate
1567 2100 1605 2168 in
1636 2099 1795 2172 aerarios
1822 2103 1955 2172 relatus
1979 2113 2042 2173 est.

14 2200 138 2272 sisere
167 2215 241 2286 est,
281 2201 434 2272 credatis
463 2203 496 2272 ei
527 2213 684 2272 vestram
707 2201 910 2284 elnonae,
936 2198 991 2270 sin
1045 2199 1175 2272 Cautio
1191 2199 1258 2296 ⁸²),
1297 2203 1428 2272 tabula*
1446 2193 1562 2296 posita
1588 2193 1626 2272 in
1648 2225 1751 2288 aree,
1793 2205 1832 2274 in
1855 2204 2042 2274 Minervae

15 2316 116 2374 antem
143 2304 237 2376 falso
264 2303 477 2388 simulatur,
524 2309 692 2376 caveatis.
764 2301 897 2377 ldeone
928 2325 992 2373 vos
1044 2305 1151 2387 iano,
1185 2305 1284 2399 quod
1308 2305 1338 2376 si
1361 2305 1427 2376 ista
1452 2307 1592 2378 sublata
1616 2317 1718 2390 sunt,
1745 2316 1781 2376 et
1796 2308 1951 2376 deletum
1976 2331 2043 2376 uo·

13 2418 72 2476 tam
92 2407 320 2480 familiariter
342 2406 482 2478 ansati·
502 2408 587 2502 qnia
613 2421 753 2500 patrem
778 2408 858 2481 eins
876 2405 992 2498 eapite
1044 2429 1147 2492 men,
1173 2429 1241 2476 nos
1256 2408 1355 2479 stulti
1373 2422 1409 2479 et
1424 2409 1549 2479 iniusti
1562 2431 1705 2492 sumus,
1730 2409 1794 2502 qui
1807 2405 1904 2480 hunc
1920 2422 2043 2503 postu-

13 2511 209 2596 damnastia,
252 2522 481 2593 otmatrem,
519 2511 603 2604 qnia
625 2511 846 2582 manumissa
870 2521 993 2603 patro-
1044 2511 1171 2594 lamus.
1224 2509 1288 2588 Sin
1304 2508 1420 2582 adhuc
1441 2524 1563 2582 extant
1585 2511 1750 2594 tabulae,
1784 2515 1900 2582 donec
1920 2514 2041 2605 reipu-

11 2635 82 2682 num
113 2616 340 2698 deseruerat,
357 2671 360 2678 .
380 2616 657 2712 condemnatam
692 2613 905 2686 vendidistis
918 2609 992 2708 Ὗ
1044 2613 1157 2684 ιιιίεεε
1178 2613 1399 2686 satisfactum
1424 2615 1552 2700 fuerit,
1578 2614 1771 2686 sceleratus
1791 2629 1845 2686 est
1865 2614 2043 2706 Aristogi-

10 2729 141 2808 propter
155 2712 250 2790 haec
262 2717 493 2792 arbitramini
510 2718 643 2788 rosilli
658 2741 773 2814 usque
795 2720 887 2788 adeo
910 2711 993 2786 cha·
1045 2729 1130 2801 tosa,
1163 2717 1300 2812 quiins
1323 2719 1507 2810 publicum
1530 2712 1673 2787 aliolere
1696 2731 1857 2789 conatur.
1916 2718 2045 2813 Neque

10 2842 59 2890 ros
70 2819 164 2891 esse?
191 2842 320 2896 vestm
336 2817 594 2894 uitiilaltemn
609 2821 859 2914 fingipoteet.¹
897 2819 991 2890 Nam
1044 2843 1142 2890 nnnc
1163 2815 1337 2890 iudicium
1358 2833 1431 2905 est,
1466 2822 1634 2892 omniane
1660 2815 1776 2890 adhuc
1798 2823 1946 2904 debeat,
1981 2822 2043 2891 sed

10 2921 33 2990 ai
43 2937 201 3014 parentes
218 2923 367 3006 mavit,
391 2924 686 2997 stnatnraeinra
701 2925 870 3008 servavit,
896 2921 993 2998 coni·
1045 2933 1187 2994 mutum
1209 2919 1279 2992 hoc
1303 2925 1509 3017 quaeritur,
1544 2934 1665 2994 utrum
1690 2923 1829 2994 debeat.
1894 2921 2043 2994 Etcum

10 3027 151 3096 maniter
164 3043 202 3100 ot
217 3025 429 3100 hominibus
444 3039 481 3098 et
500 3027 617 3098 brutis
637 3028 772 3111 indita,
805 3041 846 3098 ut
868 3045 993 3094 amore
1046 3036 1150 3096 atron
1165 3045 1282 3116 poena
1300 3027 1492 3098 constituta
1506 3017 1555 3098 sit
1571 3026 1609 3094 iu
1630 3047 1713 3110 eos,
1745 3027 1808 3122 qui
1832 3027 1938 3098 relati
1959 3035 2044 3098 sunt

8 3143 181 3220 paramum
214 3130 449 3216 addeiantur,
479 3154 622 3202 neeesse
646 3143 700 3201 est
721 3155 801 3200 enm
825 3125 992 3224 iniquum
1046 3128 1084 3197 in
1100 3129 1280 3214 aerarios,
1307 3143 1448 3200 etiamsi
1465 3131 1602 3225 altoque
1620 3129 1747 3199 leviter
1768 3131 1970 3226 peccarint,
1996 3153 2043 3198 ne

8 3255 68 3303 esre
85 3230 163 3320 his,
186 3259 254 3327 per
268 3259 359 3329 ques
372 3241 540 3328 parentes
555 3233 686 3304 amisit.
1046 3231 1093 3302 sit
1108 3231 1142 3301 ei
1154 3231 1322 3324 impune,
1350 3232 1413 3329 qni
1428 3257 1560 3326 magna
1575 3231 1711 3323 flagitia
1729 3233 1892 3316 admisit,
1918 3223 2043 3302 etiam-

93 3335 220 3433 ltaque
244 3338 496 3410 nondnlrium'
512 3341 592 3420 εει,
628 3336 717 3432 quin
741 3337 789 3408 sit
811 3332 993 3406 infestissi-
1045 3334 1077 3404 si
1102 3335 1212 3406 semel
1242 3348 1349 3430 atque
1381 3336 1511 3406 iterum
1545 3338 1591 3406 ad
1618 3336 1713 3404 diem
1742 3335 1954 3428 dependerit
1979 3336 2044 3405 ali·

8 3463 72 3510 mus
86 3436 201 3514 huius
211 3442 370 3514 civitatis
382 3437 506 3514 hostis.
558 3439 621 3510 Sin
639 3453 759 3517 autem
782 3438 927 3510 nemini·
946 3437 993 3506 ci·
1047 3451 1236 3534 quantum.
1286 3437 1334 3508 Et
1348 3451 1451 3524 sunt,
1483 3453 1525 3511 ιιι
1545 3437 1661 3522 scitis,
1693 3437 1849 3510 mulctae
1870 3440 1942 3509 tre's
1962 3462 2044 3531 per·

8 3541 91 3613 unm
104 3557 313 3636 succenset,
347 3545 427 3640 quis
451 3543 505 3613 illi
527 3544 633 3615 fidem
656 3538 807 3626 habeat,
841 3543 995 3628 cumen
1046 3539 1200 3634 scriptae
1216 3543 1256 3610 in
1272 3562 1373 3626 arce,
1396 3555 1547 3635 propter
1561 3562 1649 3635 quas
1666 3539 1704 3608 in
1726 3541 1782 3612 ius
1803 3555 1951 3612 vocatus
1974 3553 2043 3622 est;

8 3647 115 3718 animo
147 3661 346 3742 parentum
378 3671 539 3718 amorem
574 3645 738 3728 eiecerit,
789 3642 993 3714 adfirmanti
1046 3641 1231 3716 ee‘iudtcio
1247 3645 1361 3717 victus
1378 3659 1450 3728 est,
1477 3647 1566 3714 duas
1591 3643 1743 3713 mulctas
1765 3641 1972 3738 debere⁸⁸),
1999 3643 2043 3712 de

8 3753 90 3841 quod
105 3754 320 3826 vobisbene
335 3749 526 3846 cupiatw).
576 3747 654 3839 Ego
669 3771 745 3816 non
768 3749 879 3816 modo
902 3741 994 3830 nihil
1047 3749 1150 3818 tertia
1170 3747 1288 3838 litigat
1303 3743 1438 3831 adhue,
1474 3759 1508 3816 et
1521 3745 1728 3817 Aristonem
1750 3746 1790 3814 in
1812 3747 1866 3818 ins
1877 3746 2044 3830 ‘vocavit

8 3852 32 3918 ri
44 3855 124 3926 fidei
140 3854 285 3941 habeo,
309 3857 425 3928 sedet
439 3853 519 3926 Diis
533 3853 689 3942 invisum
704 3850 802 3924 iuxta
819 3845 994 3918 acsshomi-
1047 3875 1067 3920 a
1085 3873 1157 3945 quo
1175 3850 1305 3920 iniuste
1324 3851 1374 3918 ait
1389 3871 1427 3920 se
1444 3849 1482 3918 in
1496 3849 1656 3920 aerarios
1670 3850 1824 3920 relatum
1840 3873 1925 3922 esse.
1974 3849 2044 3922 Sed

8 3955 95 4032 nibus
110 3984 187 4034 esse
206 3959 391 4043 existimo,
417 3959 481 4052 qui
494 3969 661 4050 parentes
678 3953 884 4047 neglexerit.
923 3951 995 4022 Sed
1045 3955 1103 4024 iac
1119 3954 1163 4022 ab
1178 3951 1348 4024 Aristone
1363 3946 1533 4022 iniuriam
1550 3953 1617 4024 tibi
1632 3953 1762 4022 iactam
1780 3977 1873 4037 esse,
1899 3976 1974 4022 non
1990 3966 2045 4022 ta·

8 4060 78 4152 quia
104 4063 375 4134 condemnastis
397 4087 478 4132 eum
504 4063 659 4132 relatum
683 4059 722 4127 in
747 4057 925 4137 aerarios,
959 4067 995 4124 et
1046 4056 1213 4128 mentibi
1231 4057 1332 4127 licuit
1347 4057 1424 4128 iure
1442 4079 1558 4148 agere.
1608 4056 1678 4127 Sed
1702 4056 1802 4148 prius
1827 4057 1989 4148 oportuit
2008 4068 2044 4124 te

8 4163 47 4234 ais
62 4167 266 4239 coniecistis
280 4169 319 4238 in
335 4189 533 4250 carcerem,
569 4177 604 4234 et
632 4163 749 4255 ipsum
776 4175 814 4232 ει
832 4163 994 4242 fratrem,
1047 4162 1250 4254 persolvere
1267 4160 1424 4255 reliquas
1439 4161 1608 4243 mulctas,
1634 4171 1669 4228 et
1693 4159 1809 4228 facere
1834 4158 2044 4241 iudicatum,

8 4288 80 4336 aum
103 4271 188 4342 ideo
213 4297 278 4341 eos
300 4271 461 4360 impense
488 4267 609 4338 amat?
660 4263 702 4336 ld
729 4289 816 4335 vero
845 4263 993 4336 stultum
1048 4287 1156 4360 quam
1183 4253 1351 4358 cuiqnam
1375 4263 1473 4333 litem
1498 4263 1713 4332 intenderes.
1781 4261 1820 4332 Si
1844 4263 1940 4330 enim
1962 4261 2045 4330 licet

8 4377 222 4446 esteredere.
272 4374 377 4444 Anne
399 4372 483 4466 qnia
506 4369 688 4462 repulsam
709 4393 833 4460 passus
856 4379 910 4438 est
932 4389 995 4460 pe-
1047 4368 1114 4438 tibi
1138 4391 1244 4459 agere
1267 4367 1304 4436 in
1328 4369 1429 4450 loro,
1462 4378 1637 4460 tanquam
1662 4361 1737 4448 his,
1772 4365 1932 4460 quinon
1961 4375 2046 4436 sunt

8 4493 70 4544 tens
90 4477 367 4568 magistratum,
400 4487 463 4544 aut
489 4473 572 4568 quia
596 4474 855 4543 condemnatus
877 4481 930 4540 est
956 4469 995 4538 in

8 4579 124 4650 udicio
152 4593 304 4672 rogatae
325 4578 413 4670 legis
437 4575 678 4671 perniciosae,
705 4588 769 4646 aut
781 4573 868 4669 quia
891 4571 994 4667 quin·
1080 4561 1135 4666 roi
1148 4606 1296 4738 pappam
1314 4599 1343 4650 ta
1358 4597 1444 4650 ιιιιιι.
1464 4597 1556 4664 tm,
1583 4597 1777 4650 sset-1⁶87.
1803 4598 1832 4648 ta
1855 4599 1983 4666 uernae
2000 4603 2045 4652 est

1115 4688 1148 4726 ΓΘ
1167 4723 1169 4730 .

28 4761 82 4806 Τ
103 4763 202 4771 “““·“
639 4789 642 4796 .
1081 4763 1131 4822 8⁰)
1150 4761 1183 4812 Η.
1203 4761 1221 4810 ι.
1239 4759 1269 4808 ln
1285 4755 1369 4808 nette
1391 4756 1483 4822 tm,
1509 4755 1585 4806 1541.
1610 4760 1677 4806 nota
1695 4755 1830 4819 margin:
1858 4757 1908 4806 llio
1926 4731 2049 4808 lusernit
2092 4791 2097 4800 -

28 4853 74 4920 75)
92 4859 127 4906 H·
146 4846 167 4906 t'.
188 4855 217 4904 5„
236 4852 320 4908 Em
341 4851 436 4915 tm,
455 4851 530 4902 tw.
550 4853 617 4902 not,
633 4847 768 4914 mamm„
794 4847 896 4908 πάθος.
1117 4830 1207 4882 salter
1225 4828 1361 4892 quendem
1379 4825 1542 4889 martenam
1559 4826 1594 4876 de
1611 4833 1697 4876 censs
1715 4839 1765 4876 sen
1784 4826 1819 4876 oe
1836 4827 1947 4878 mulcta.

29 4955 76 5022 aa)
96 4957 132 5008 ιι.
153 4957 174 5010 ι.
194 4955 224 5005 ιιι
241 4953 325 5005 reae
346 4953 432 5016 aare..
451 4951 642 5003 asos-asoa.
661 4953 728 5001 uota
746 4942 880 5016 mergae:
905 4953 997 5005 neue.
1082 4913 1299 5048 ⁸¹{effiffl
1317 4913 1345 4963 ¹¹¹
1363 4911 1448 4964 ffli-
1471 4911 1563 4977 Μ’
1593 4911 1786 4963 Μ-ιιθι·
1813 4912 1841 4964 ¹11
1860 4913 1984 5006 mergus
2002 4913 2046 4962 est

63 5027 197 5076 *Μαι
213 5023 415 5088 ”immun
434 5031 503 5087 ’Ψ
517 5021 713 5084 mmmm*
731 5021 895 5077 mmmm·
1083 5069 1132 5137 82)
1152 5070 1221 5121 llnlo
1237 5069 1316 5133 root,
1335 5079 1388 5132 qun
1405 5045 1618 5121 Demonnesox
1637 5062 1702 5135 ὅρος
1719 5078 1737 5119 a
1754 5067 1931 5118 ltlelauttroae
1948 5063 2044 5127 expel-

29 5127 77 5188 ⁷⁷)
96 5130 131 5180 ιι.
152 5129 173 5179 ¹·
192 5125 221 5176 in
238 5125 323 5176 Mitt·
344 5121 432 5189 Μ,
451 5121 527 5178 ¹⁶⁴⁷·
545 5125 613 5175 ποι*
630 5123 766 5188 margia:
789 5119 850 5188 δίκη
868 5117 997 5177 anama.
1118 5141 1218 5204 matur,
1243 5140 1270 5188 an
1289 5139 1373 5190 naret
1394 5137 1487 5204 aser,
1506 5137 1582 5189 assa.
1601 5138 1745 5202 suscripta
1762 5139 1807 5187 ee
1825 5136 1892 5186 aare
1908 5134 2046 5197 megan:

64 5197 131 5248 otoo
149 5195 228 5246 sotto
245 5197 306 5246 erat
327 5193 464 5244 adversus
480 5193 613 5259 libertos,
631 5192 678 5256 qut
696 5193 881 5244 deseruerant
898 5199 997 5256 patro·
1117 5204 1183 5276 ὅρος
1199 5209 1301 5260 mutto.
1337 5208 1368 5257 tn
1383 5207 1468 5258 natet.
1484 5209 1571 5272 ιω,
1591 5209 1678 5273 156⁴,
1698 5207 1773 5259 157⁰.
1792 5205 1856 5256 sole
1873 5216 1928 5255 vox
1945 5202 2044 5255 cautio

62 5278 134 5331 tros,
162 5267 194 5314 et
218 5263 397 5328 quaesteraut
418 5274 507 5312 novos
531 5265 674 5324 patronos.
700 5261 796 5322 (cont.
814 5263 898 5315 Petltl
922 5264 996 5330 legg.
1118 5281 1148 5330 m
1165 5279 1292 5342 mem„
1311 5276 1423 5342 tegitur,

61 5336 150 5386 Μι-
169 5335 191 5384 ¹·
203 5333 238 5384 ¹¹·
256 5333 300 5388 ‘¹‘
316 5333 364 5384 Vl
384 5327 411 5399 ⁵·
426 5331 453 5386 ⁹·
467 5329 534 5394 ¹⁰·l‘
788 5375 792 5383 ·
1082 5367 1134 5426 sa)
1152 5364 1425 5429 tenerenturne.
1443 5363 1644 5430 ran-asos,
1665 5359 1875 5424 assa-meaa
1901 5359 1952 5411 ur.
1967 5357 2044 5415 arsa.

29 5433 77 5495 ιθ)
95 5439 131 5487 ιι.
144 5437 165 5490 ι.
183 5432 308 5491 luunt.
320 5435 407 5501 tm,
428 5429 502 5484 ιιιι.
515 5434 583 5484 note
594 5433 728 5500 maestos
746 5433 848 5486 utrum
861 5435 997 5490 anenno.
1023 5495 1026 5504 .
1121 5436 1210 5488 debet

1477 5533 1517 5599 3
