4582 5798
220 164 323 244 tosa
509 209 514 218 ·
789 163 922 266 ,auru
954 162 1068 244 unu.
1101 163 1307 242 scamas
1335 163 1675 242 amoenamus
1897 206 1903 219 -
2140 175 2206 247 aas

118 319 132 346 '
222 353 284 412 tur
306 337 419 412 cnivis
436 340 484 412 ad
503 339 761 435 rempublicam
788 343 980 427 accedere,
1007 351 1042 410 et
1061 339 1217 412 sentien-
1269 339 1500 434 reipublicae.
1562 337 1611 412 Et
1630 361 1852 434 quamquam
1877 335 2078 410 domesticis
2102 345 2213 434 negotiis

225 443 295 514 tias
315 443 452 529 dicere,
486 456 522 514 ct
546 443 686 536 privata
709 443 838 539 cuique
859 445 931 514 vita
968 445 1139 516 adversus
1160 467 1219 516 su·
1270 444 1432 539 plerique
1447 442 1613 535 occupati
1626 466 1761 526 sumus,
1776 453 1899 511 tamen
1915 439 2056 534 publica
2069 445 2215 538 noniguo

228 546 405 640 spiciones
426 558 502 617 tuta
525 558 589 618 cst.
640 544 691 616 Ac
711 544 862 620 sinimus
881 546 954 620 suis
970 570 1149 644 quemque
1163 569 1219 618 re·
1270 569 1405 620 ramus.
1465 543 1541 618 Soli
1572 545 1670 616 enim
1701 568 1768 618 nos
1799 545 1918 616 civem
1946 565 2024 614 uon
2047 545 2215 639 participem

228 649 312 734 bns,
337 647 463 720 studiis
482 661 517 718 et
540 648 785 742 voluptatibus
807 649 898 732 frui3
921 673 988 720 nec
1012 650 1218 720 torvitatem
1271 648 1519 721 communium
1535 648 1721 732 laborum,
1746 670 1823 719 non
1839 644 2106 741 tranquillitatis
2118 649 2216 722 audio

229 773 451 835 exercemus,
478 775 570 846 qnae
595 752 701 822 ctiam
726 777 806 824 cum
828 753 975 824 innoxia
1000 764 1070 840 est,
1097 767 1219 822 tamen
1271 775 1371 836 sum,
1396 752 1458 824 sed
1476 750 1639 824 inutilem
1653 773 1852 822 censemus.
1900 745 2048 834 Etnos,
2072 767 2217 823 commeo

229 853 378 926 molesta
395 865 459 927 est.
508 853 686 926 Privatim
710 853 787 927 sine
802 856 934 928 iniuria
952 879 1220 942 conversamur,
1271 853 1471 927 iudicamus
1504 867 1568 926 aut
1598 853 1868 934 deliberamus,
1915 875 1991 922 non
2024 851 2218 928 &sumana

228 958 267 1028 iu
283 955 595 1029 administratione
610 957 752 1052 publica
769 983 845 1029 non
860 959 1114 1055 delinquimus,
1134 958 1219 1054 quia
1272 959 1378 1030 rebus
1400 980 1531 1030 nocere
1552 957 1774 1042 orationem,
1808 955 1871 1027 sed
1891 955 1989 1025 nolle
2016 954 2112 1046 prius
2133 958 2219 1028 doceri

227 1061 421 1131 metuimus
442 1070 479 1130 et
497 1060 725 1152 magistratus
744 1076 780 1134 et
802 1063 917 1154 leges,
943 1085 1035 1159 quae
1058 1062 1116 1134 vel
1135 1061 1220 1133 scri-
1271 1059 1446 1154 displicet.
1496 1059 1589 1134 Nam
1611 1071 1648 1130 et
1670 1060 1710 1130 iu
1730 1055 1798 1130 hac
1820 1081 1860 1128 re
1876 1057 2078 1130 differimus
2098 1059 2138 1128 ab
2154 1061 2217 1144 aliia

227 1177 312 1258 ptac
326 1175 427 1248 sunt,
453 1175 494 1232 ut
508 1163 611 1234 laesis
628 1188 733 1256 opem
748 1165 879 1252 ierant,
904 1167 961 1234 vel
975 1189 1051 1236 non
1068 1163 1221 1258 scriptae
1273 1165 1392 1260 quod,
1426 1187 1647 1258 quamquam
1673 1163 1831 1256 pericula
1852 1159 2109 1254 prospicimus,
2134 1175 2220 1232 unm
2266 1225 2267 1230 ,

230 1277 331 1337 man
348 1264 519 1337 infamiae
536 1265 629 1338 cives
652 1263 854 1341 cohercent.
906 1267 1088 1340 Habemus
1111 1283 1146 1338 et
1169 1269 1221 1338 la·
1273 1267 1439 1338 audendo
1462 1289 1504 1336 ea
1525 1266 1776 1360 aggredimur,
1801 1287 1882 1336 enm
1905 1262 2222 1336 aliis'inseitiaaada
2266 1259 2267 1278 ¹

224 1370 359 1440 'borum
375 1369 603 1440 remissiones
620 1369 817 1462 plurimas,
842 1371 1041 1465 spectacula
1060 1385 1095 1442 et
1112 1370 1220 1442 sacri·
1272 1371 1365 1440 clam
1385 1370 1514 1454 addat,
1538 1368 1808 1461 circumspectio
1823 1366 2069 1438 timiditatem.
2107 1365 2222 1438 Comer-

228 1471 330 1556 ficia,
368 1495 462 1566 qnae
486 1484 522 1542 et
541 1472 678 1564 legibus
711 1475 905 1569 quotannis
930 1475 1096 1546 ordinata
1125 1485 1221 1558 sunt,
1272 1485 1417 1544 tansum
1433 1485 1487 1546 est
1502 1486 1621 1545 autem
1636 1471 1852 1546 fortissimos
1868 1493 1962 1556 ease,
1990 1468 2056 1565 qni
2070 1491 2143 1540 cmu
2160 1473 2222 1562 opti-

230 1585 267 1646 et
287 1586 465 1667 apparatu
486 1575 710 1668 privatorum
737 1601 895 1669 congruo
919 1578 1030 1662 liunt,
1056 1601 1148 1673 quae
1171 1579 1221 1648 lc·
1272 1602 1330 1647 me
1358 1576 1474 1649 sciant
1495 1575 1687 1649 discrimen
1717 1575 1933 1648 terribilium
1967 1595 2093 1643 rerum
2120 1586 2150 1644 et
2170 1597 2223 1644 aua-

228 1677 337 1747 niunt
358 1677 587 1749 moestitiam.
638 1675 886 1773 lmportantur
909 1694 1028 1752 antem
1044 1675 1115 1750 hnc
1136 1704 1221 1774 pro·
1272 1681 1393 1764 vium,
1420 1693 1610 1773 propterea
1628 1703 1704 1749 non
1718 1677 2088 1773 fugiuntperienlum.

228 1791 310 1873 pter
331 1779 613 1871 magnitudinem
639 1783 740 1854 urbis
769 1807 827 1854 res
851 1795 957 1854 natae
981 1783 1019 1854 in
1052 1785 1221 1856 omnibus
1374 1779 1416 1852 ln
1437 1783 1763 1854 communicatione
1787 1781 1989 1852 officiorum
2024 1776 2128 1850 etiam
2148 1801 2224 1872 quaa

228 1880 346 1953 terris.
396 1881 520 1975 Quare
534 1906 609 1953 non
626 1897 764 1955 tantum
782 1886 889 1958 rebus
903 1886 1003 1956 domi
1022 1885 1136 1972 natis,
1158 1890 1219 1960 sed
1272 1888 1356 1955 dam
1374 1885 1480 1956 aliter
1491 1886 1641 1960 iacimus
1656 1909 1766 1980 quam
1790 1883 1916 1967 multi,
1940 1905 2020 1952 non
2040 1881 2224 1973 accipiendis

229 1985 337 2054 etiam
359 1986 558 2078 peregrinis
573 1987 739 2059 tmimur.
1240 1985 1241 1994 ’
1271 1989 1332 2060 scd
1355 1989 1483 2062 dandis
1515 1988 1695 2061 beneficiis
1723 1987 1857 2060 amicos
1889 1983 2122 2081 acquirimus.
2173 1982 2225 2053 lir-

330 2085 541 2162 Differimus
557 2102 675 2161 autem
694 2089 868 2163 exercitiis
886 2091 923 2162 in
947 2117 987 2163 re
1002 2092 1151 2164 militari
1174 2091 1220 2162 ab
1271 2091 1368 2162 mior
1384 2106 1436 2164 est
1458 2105 1578 2164 autem
1596 2093 1750 2177 amicus,
1771 2089 1834 2186 qui
1849 2092 1914 2160 dat
1931 2086 2159 2170 beneficium,
2177 2099 2224 2156 stu—

229 2188 325 2270 aliis;
351 2214 436 2259 nam
458 2187 616 2285 hospites
638 2217 714 2264 non
737 2195 965 2287 expelluntur
987 2221 1030 2266 ex
1052 2198 1141 2268 urbe
1156 2219 1220 2266 no-
1272 2197 1359 2266 dens
1381 2195 1538 2267 retinere
1561 2195 1849 2267 benevolentiam
1873 2194 1971 2286 apud
1998 2212 2101 2274 enm,
2124 2188 2171 2260 cui
2187 2190 2225 2258 be

228 2303 322 2377 atra,
348 2316 421 2387 quo
440 2295 559 2366 minus
575 2308 639 2366 aut
652 2297 790 2368 discant
806 2311 868 2368 aut
885 2299 1030 2369 videant
1046 2325 1106 2385 ea,
1128 2323 1220 2396 quae
1272 2299 1460 2381 refecerim
1485 2301 1547 2370 scd
1565 2300 1629 2395 qui
1644 2299 1750 2370 debet
1764 2298 1912 2369 reddere
1927 2295 2097 2387 gratiam,
2120 2293 2224 2383 segnior

229 2396 471 2490 spectantibus
502 2393 704 2492 hospitibus
738 2400 845 2472 etiam
871 2403 1039 2495 prodesse
1059 2415 1220 2498 possunt.
1272 2413 1347 2487 est,
1374 2401 1459 2496 quia
1476 2402 1542 2473 scit
1556 2403 1717 2472 debitum
1734 2424 1810 2471 non
1829 2397 2030 2470 existimari
2044 2395 2225 2477 bencioun,

229 2499 452 2573 Conbdimus
469 2503 564 2572 enim
585 2527 661 2581 non
684 2517 758 2574 tam
781 2505 1014 2598 apparatibus
1037 2521 1072 2577 et
1086 2506 1221 2578 fraudi·
1273 2529 1354 2576 cum
1370 2505 1526 2578 vicissim
1541 2505 1729 2578 benefacit.
1780 2503 1855 2576 Nec
1868 2500 1981 2594 magis
1995 2521 2226 2570 movemurno

222 2603 316 2703 ⁴bus,
344 2629 453 2698 qnam
477 2605 621 2678 virtute.
672 2608 725 2679 Ac
749 2605 810 2677 alii
831 2607 975 2702 quidem
999 2609 1219 2681 iuventutem
1272 2620 1344 2681 stra
1353 2607 1519 2694 utilitate,
1533 2631 1642 2703 quam
1655 2609 1726 2679 fide
1738 2618 1773 2678 et
1788 2604 2017 2689 liberalitate,
2032 2615 2075 2675 nt
2084 2601 2225 2676 maneto

230 2707 335 2776 certis
356 2707 473 2780 modis
498 2721 662 2780 exercent
685 2709 877 2802 apuscitia
894 2713 938 2782 ad
955 2711 1220 2795 fortitudinem
1273 2711 1352 2783 aliis
1366 2711 1642 2784 benefaciamus.
1692 2711 1742 2780 At
1757 2709 1875 2781 dicam
1890 2707 2107 2792 incnmma,
2129 2703 2226 2774 nturi

228 2833 296 2882 nos
318 2808 432 2881 laxius
454 2810 614 2885 viventes
640 2825 762 2885 tamen
784 2813 864 2906 pari
878 2815 1126 2909 magnitudine
1145 2818 1221 2886 ani·
1272 2839 1373 2888 versa
1401 2816 1525 2886 civitas
1546 2813 1720 2886 Graeciae
1752 2812 1922 2906 magistra
1947 2823 2023 2895 cst,
2060 2811 2109 2882 sic
2132 2805 2227 2898 ungui

62 2945 67 2952 ·
135 2985 138 2994 ,
227 2913 280 2984 mi
292 2912 450 3007 pericula
466 2915 618 2988 adimus.
669 2917 785 2989 liuius
800 2917 854 2988 rei
867 2917 1007 3013 signum
1023 2935 1096 3006 est,
1122 2922 1219 3017 quod
1271 2919 1365 2990 cives
1392 2921 1439 2990 ad
1470 2919 1644 3012 plurimas
1677 2917 1810 3012 species
1839 2913 2073 3008 negotiorum
2100 2915 2227 2984 decemo

226 3014 507 3087 Lacedaemonii
540 3043 615 3090 non
648 3021 716 3093 soli
749 3020 854 3094 nobis
888 3023 1021 3094 bellum
1049 3025 1221 3110 inferunt,
1271 3021 1394 3093 idonei
1425 3035 1519 3094 sunt.
1585 3023 1683 3092 llaec
1716 3045 1790 3092 nou
1820 3041 1913 3088 vanc
1941 3015 2156 3110 praedicari,
2185 3011 2226 3083 sed

228 3121 290 3194 sed
315 3119 491 3193 adiunctis
521 3124 567 3194 ad
594 3124 800 3196 societatem
822 3125 1000 3198 bellorum
1025 3129 1121 3212 aliis;
1154 3153 1221 3200 nos
1271 3149 1311 3197 rc
1340 3125 1416 3218 ipsa
1442 3127 1493 3198 sic
1519 3149 1556 3196 se
1583 3121 1737 3209 habere,
1777 3120 1877 3194 urbis
1903 3120 2069 3213 potentia
2098 3113 2225 3198 ostendit

226 3245 316 3292 vero
347 3222 414 3292 soli
445 3223 685 3317 ingredientes
714 3227 870 3298 alienam
900 3229 1106 3323 regionem,
1146 3231 1221 3326 ple-
1273 3251 1365 3325 qnae
1386 3223 1443 3301 his
1464 3229 1625 3302 moribus
1646 3227 1771 3301 crevit.
1823 3225 1907 3296 Sola
1923 3219 2013 3293 haec
2034 3223 2117 3294 urbs
2131 3241 2226 3312 cogno

198 3347 381 3421 -rumque
414 3325 590 3400 vincimus
621 3324 761 3414 hostes,
794 3354 1012 3428 quamquam
1048 3358 1115 3427 pro
1148 3335 1221 3406 suis
1271 3331 1382 3405 scitur
1406 3331 1627 3424 experiundo
1655 3327 2010 3426 praestantiorem,
2038 3347 2142 3421 qum
2165 3321 2225 3392 ⁶⁸¹²·

227 3430 334 3504 rebus
350 3443 562 3524 pugnantes.
1270 3433 1401 3505 britate
1423 3435 1557 3519 lamae,
1588 3435 1664 3508 sola
1686 3457 1760 3504 non
1789 3429 1952 3522 indulget
1983 3427 2081 3512 irae,
2105 3422 2224 3498 cunti

331 3531 405 3606 Nec
420 3535 712 3632 veroquisquam
730 3531 847 3608 adhuc
861 3561 967 3610 austu
983 3551 1037 3612 est
1050 3538 1220 3610 dimicare
1272 3533 1434 3609 hostibus
1457 3536 1673 3609 detrimento
1695 3537 1821 3607 affecta
1844 3544 1916 3617 est,
1942 3555 2008 3603 nec
2033 3523 2225 3625 reprehendi

229 3661 311 3712 com
324 3636 492 3709 universa
509 3639 669 3732 potentia
692 3651 836 3726 nostra,
863 3641 947 3736 quia
969 3655 1006 3712 et
1023 3643 1133 3715 classe
1157 3667 1221 3714 an·
1271 3657 1366 3716 tura
1382 3640 1545 3724 subditis,
1565 3643 1663 3736 quod
1677 3640 1824 3738 indigna
1841 3634 2068 3728 sitimperio.

230 3739 445 3826 tecellimus,
479 3754 514 3812 et
549 3767 719 3836 maguam
754 3743 1019 3815 multitudinem
1052 3745 1090 3815 in
1123 3759 1220 3816 terra
1375 3742 1466 3816 Cum
1482 3743 1592 3837 igitur
1613 3755 1733 3814 extent
1748 3738 1952 3814 osomouia
1972 3751 2117 3810 nostrae
2131 3747 2223 3830 poteo·

107 3838 114 3850 ’
229 3843 437 3917 emittimus.
488 3843 610 3916 Sicubi
624 3859 744 3919 autem
759 3871 841 3918 cum
858 3861 961 3940 parte
977 3849 1098 3944 aliqua
1114 3849 1220 3920 dimi·
1271 3849 1365 3934 tiae,
1395 3860 1600 3940 praesentes
1622 3859 1658 3917 et
1679 3841 1814 3939 posteri
1838 3839 1932 3914 hanc
1955 3840 2083 3912 urbem
2105 3835 2223 3908 admira

229 3957 314 4020 cant
338 3944 419 4030 alii,
452 3969 533 4018 cum
556 3947 724 4034 vincunt,
756 3950 958 4042 gloriantur
978 3975 1015 4022 se
1033 3951 1221 4026 universos
1271 3954 1427 4035 buntur,
1467 3973 1534 4020 nec
1564 3949 1764 4041 indigemus
1801 3945 1961 4018 llomero
1989 3965 2157 4036 praecone
2181 3946 2223 4004 tol

222 4051 371 4130 uicisse,
408 4046 494 4118 victi
522 4062 661 4138 autem,
698 4077 734 4124 sc
765 4054 810 4124 ab
836 4053 1011 4127 universis
1033 4068 1221 4150 superatos
1272 4055 1365 4138 alio,
1391 4052 1454 4147 qui
1469 4053 1506 4124 in
1521 4051 1722 4145 praesentia
1741 4048 1892 4120 deliniat
1907 4047 2109 4129 audientes,
2131 4051 2222 4136 podet

230 4179 315 4227 esse.
366 4152 418 4222 Ac
432 4175 499 4224 nos
523 4154 690 4248 quidem,
717 4180 798 4226 cum
823 4156 1019 4248 periclitari
1040 4159 1220 4244 volumus,
1271 4171 1393 4228 tamen
1406 4157 1556 4226 veritate
1571 4179 1690 4225 rerum
1707 4155 1894 4224 refutetur.
1944 4150 2013 4221 Sed
2030 4163 2138 4220 totum
2152 4161 2221 4213 mart

99 4269 102 4275 '
161 4287 172 4296 ·
228 4281 324 4342 non,
358 4267 399 4326 ut
420 4251 719 4344 Lacedaemonii,
754 4259 961 4354 praeparati
988 4285 1111 4333 sumus
1135 4260 1220 4333 assi-
1271 4274 1308 4332 et
1320 4273 1454 4330 terram
1468 4271 1593 4330 nostra
1609 4256 1756 4328 audacia
1771 4255 1934 4350 perviam
1949 4253 2107 4337 fecimus,
2128 4243 2223 4318 stubi

228 4362 363 4430 duitate
378 4358 542 4430 laborum
561 4374 596 4430 et
612 4361 766 4455 legibus,
790 4364 854 4436 sed
869 4388 912 4434 cr
927 4363 1003 4434 otio
1019 4377 1055 4436 et
1068 4377 1219 4436 naturae
1271 4387 1341 4460 que
1375 4376 1609 4434 monumenta
1639 4358 1893 4430 collocavimus
1921 4357 2079 4428 felicium
2107 4365 2139 4422 et
2160 4347 2222 4416 init·

227 4463 439 4534 iortitudine
459 4463 618 4556 pericula
644 4465 804 4552 adimus,
836 4491 901 4536 nec
923 4479 1044 4539 tamen
1061 4467 1219 4538 timidio·
1269 4466 1392 4538 licium
1428 4487 1630 4558 pugnarum
1666 4462 1897 4555 sempiterna.
1964 4457 2065 4530 Talis
2095 4454 2167 4526 urba
2190 4467 2220 4516 Μ

228 4589 287 4636 res
306 4589 429 4636 sumus
451 4565 491 4634 in
510 4568 724 4660 proeliando
755 4593 863 4666 quam
891 4569 963 4653 illi,
997 4595 1217 4667 quamquam
1270 4568 1468 4652 deleretur,
1492 4568 1551 4640 isti
1572 4565 1783 4637 dimicantes
1804 4563 1982 4634 interiecti
2001 4573 2101 4644 sunt,
2128 4568 2158 4626 ct
2173 4571 2219 4642 prt

227 4693 304 4740 non
321 4665 420 4758 prius
433 4669 617 4764 defatigati
631 4672 789 4744 molestis
804 4671 990 4743 exercitiis.
1270 4673 1334 4744 tali
1361 4672 1478 4763 patria
1504 4671 1680 4743 servanda
1712 4691 1836 4739 omnes
1861 4664 2067 4758 superstites
2092 4659 2218 4730 laborare
2266 4713 2267 4772 ,

330 4766 371 4838 ln
388 4761 445 4839 his
459 4784 494 4841 ct
509 4773 548 4842 in
565 4775 643 4847 aliis
656 4778 763 4848 rebus
778 4775 901 4848 civitas
917 4781 1041 4846 nostra
1063 4776 1219 4846 admira·
1270 4777 1414 4848 debent.

229 4874 327 4945 tione
350 4869 459 4963 digna
485 4885 557 4959 cst,
590 4903 713 4953 sumus
735 4879 912 4974 splendidi
937 4903 1020 4950 cum
1043 4879 1218 4972 parsimo·
1372 4867 1552 4947 Proliriu's
1572 4874 1682 4968 igitur
1704 4873 1749 4944 de
1775 4868 1875 4944 urbis
1898 4866 2083 4961 disciplina
2102 4857 2177 4942 dixi,
2193 4863 2215 4922 ‘l
2266 4847 2267 4900 ί

225 4978 309 5065 nia,
335 4989 371 5048 et
385 4973 541 5048 tenuiter
562 4978 780 5066 victitantem
814 4983 890 5055 sine
911 4981 1062 5054 mollitie
1082 4981 1219 5052 utimur
1269 4993 1311 5052 ut
1332 4980 1580 5064 ostenderem,
1612 5001 1687 5048 non
1711 4978 1757 5048 de
1779 4973 1927 5068 paribus
1949 4971 2053 5043 bonis
2074 4977 2213 5082 redamet

226 5080 382 5166 divitiis,
410 5103 491 5150 cum
517 5083 690 5172 temporis
712 5086 963 5179 opportunitas
977 5099 1050 5169 est,
1075 5108 1151 5156 uon
1171 5086 1217 5153 ad
1269 5107 1343 5156 esse
1365 5082 1470 5154 nobis
1490 5094 1527 5153 et
1548 5081 1647 5167 aliis,
1673 5092 1709 5152 at
1727 5092 1768 5150 ut
1789 5075 1907 5148 laudis
1926 5075 2075 5148 istorum
2094 5078 2213 5176 ῑυεῑῑυθζ

227 5185 517 5258 ostentationem.
575 5181 779 5276 Egestatem
802 5191 906 5260 fateri
929 5213 1003 5259 nou
1025 5202 1078 5261 est
1100 5187 1218 5258 delor-
1268 5188 1328 5258 nia
1345 5198 1606 5268 monstrarem,
1632 5207 1725 5279 quae
1747 5182 1821 5250 iam
1845 5202 1976 5271 magna
1994 5194 2036 5248 ea
2050 5183 2139 5267 parte
2151 5185 2213 5280 περ·

226 5311 304 5370 me,
330 5289 391 5358 sed
407 5288 569 5360 deforme
586 5302 727 5360 estnon
749 5291 935 5375 laborare,
960 5305 1000 5362 ut
1023 5316 1103 5362 eam
1129 5291 1217 5360 ellu-
1269 5304 1341 5362 tata
1358 5302 1422 5361 cat.
1448 5288 1541 5362 Nam
1558 5284 1647 5358 haec
1660 5281 1810 5358 honesta
1827 5281 2041 5374 reipublicae
2052 5279 2151 5391 forma
2162 5287 2210 5334 m·

226 5388 313 5479 gias·
371 5389 482 5460 Adest
506 5391 633 5462 iisdem
664 5417 748 5464 cura
778 5415 898 5462 rerum
927 5393 1157 5486 propriarum
1182 5406 1218 5463 et
1268 5407 1345 5464 tute
1360 5417 1485 5462 eorum
1509 5389 1700 5462 constituta
1718 5402 1787 5472 est,
1812 5409 1878 5456 nec
1896 5396 2013 5478 potest
2029 5377 2140 5456 simile
2155 5387 2210 5438 ⁰¹³·
