4548 5788
10 180 84 258 sas
254 155 1478 260 xxxvmraamurar1oomr1onuoauosrrnms
1502 179 1569 254 nn
1597 181 1808 258 nouom.
1937 127 1953 148 ”
1980 187 2059 266 aso

10 355 120 424 latam
136 350 183 421 ad
197 349 275 444 ipsa
293 355 460 446 negotia,
483 379 580 426 nunc
592 380 652 426 me
666 355 760 428 serio
776 371 918 428 accusat
933 357 1005 428 exi-
1056 365 1130 424 tem
1144 349 1239 426 hanc
1255 355 1387 428 iustam
1411 356 1602 427 accusandi
1624 357 1803 428 rationem
1825 360 1960 452 fugias,
1988 389 2053 456 ego

13 456 159 530 stimans
180 455 258 526 lore
284 471 472 528 oratorum
493 472 693 544 certamen,
736 483 812 531 non
836 462 879 532 de
899 461 1006 531 rebus
1057 459 1247 528 measacta
1263 483 1452 559 exponam.
1504 457 1639 530 Nostra
1657 459 1781 532 civitas
1808 463 1922 534 socias
1944 460 2054 538 habea

12 559 136 650 gestis,
169 581 285 653 neque
301 561 346 630 de
368 562 522 632 utilitate
545 563 718 650 civitatis,
749 565 813 634 sed
832 564 877 634 de
898 564 1005 634 laude
1056 560 1119 630 bat
1134 574 1274 631 tautum
1290 587 1423 654 paucas
1438 577 1473 648 et
1483 551 1668 634 tenuiores
1683 562 1829 636 insulas.
1873 565 1969 638 Nam
1988 594 2055 640 nec

12 661 249 754 eloquentiae.
300 662 440 736 Deinde
453 666 558 738 affert
572 661 778 759 sophisma,
801 667 900 738 iubet
916 665 1006 736 obli·
1058 658 1169 736 Chius
1190 686 1256 734 nec
1281 660 1453 750 Rhodus,
1485 691 1552 736 nec
1576 665 1732 759 Corcyra
1757 668 1944 740 nobiscum
1970 697 2055 744 con·

10 764 99 832 visci
114 763 324 854 opinionem
343 767 453 838 domo
476 769 624 838 allatam
647 770 691 842 de
709 781 884 863 utroque,
911 781 952 840 ut
976 769 1007 840 si
1057 767 1178 838 iuncta
1213 779 1302 838 erat.
1363 767 1516 840 Tribola
1543 783 1662 839 autem
1684 772 1922 864 quadraginta
1951 775 2055 870 quin-

6 879 189 936 mercator
221 867 427 942 existimans
449 873 605 942 multum
626 895 811 964 superesse
832 872 1005 966 pecuniae
1058 893 1128 964 que
1144 869 1278 938 talenta
1303 864 1478 957 hahebat,
1504 884 1539 941 et
1560 866 1649 942 haec
1670 885 1753 942 ante
1774 887 1915 968 tempus
1939 879 2055 971 exige-

5 969 136 1061 positis
152 968 313 1058 calculis,
339 973 518 1044 invenerit
538 971 630 1046 nihil
653 999 855 1066 superesse,
889 987 1007 1045 mutat
1056 972 1201 1042 bantur.
1254 971 1395 1042 Deinde
1409 997 1476 1044 nec
1491 974 1627 1069 equites
1643 998 1709 1045 nec
1725 978 1863 1068 pedites
1878 979 1968 1050 alios
1982 981 2055 1054 nisi

6 1072 241 1166 opinionem:
258 1074 308 1144 ita
324 1101 422 1148 nunc
439 1079 518 1148 vult
532 1101 616 1149 suae
633 1077 792 1148 orationi
807 1103 872 1149 vos
887 1103 1006 1150 assen-
1058 1075 1273 1146 domesticos
1305 1069 1472 1148 habebat.
1537 1077 1727 1148 Postremo
1758 1082 1856 1174 quod
1889 1086 2054 1154 omnium

4 1175 85 1246 tiri.
135 1174 282 1262 Videte,
310 1204 419 1274 quam
437 1180 648 1272 languidum
664 1181 710 1252 sit
724 1193 878 1266 natura,
905 1181 1005 1276 quie·
1057 1177 1213 1248 maxime
1229 1177 1389 1250 terribile
1405 1190 1501 1262 erat,
1529 1190 1564 1247 et
1577 1179 1774 1270 plurimum
1795 1185 1967 1275 proderat
1988 1183 2055 1257 ho-

4 1278 100 1372 quid
114 1301 190 1347 uon
205 1280 246 1349 bt
261 1279 365 1354 iuste.
416 1279 459 1352 ln
472 1278 542 1353 hoc
557 1283 635 1376 ipso
653 1284 748 1354 bello
765 1285 929 1376 exemplo
951 1286 1005 1354 fa·
1058 1281 1189 1365 stibus,
1212 1279 1271 1352 isti
1288 1282 1452 1352 omnium
1467 1281 1671 1352 vicinorum
1685 1283 1829 1358 animos
1841 1287 2055 1364 alienarent.

1 1393 106 1450 tetur
119 1405 183 1454 vos
199 1381 249 1452 ita
274 1385 426 1470 sentire,
457 1409 515 1456 me
536 1410 604 1478 pro
628 1387 765 1481 patria,
797 1387 916 1481 ipsum
937 1411 1005 1480 pro
1059 1382 1159 1454 Talis
1174 1405 1256 1454 cam
1273 1397 1362 1456 esset
1385 1397 1498 1458 status
1518 1398 1663 1456 nostrae
1688 1385 1859 1474 civitatis,
1894 1392 2056 1464 conside·

13 1479 180 1575 'lrilippo
195 1485 336 1558 dixisse.
387 1487 467 1560 Nisi
483 1489 579 1558 enim
593 1486 683 1562 haee
697 1493 741 1560 de
757 1503 913 1586 utroque
928 1490 1006 1583 opi·
1057 1499 1135 1558 rate
1151 1485 1242 1571 iam,
1265 1507 1374 1581 quam
1388 1488 1582 1560 instructus
1599 1490 1708 1562 suerit
1722 1486 1847 1566 hostis.
1888 1491 2055 1568 Primum

0 1613 67 1656 ιιιο
91 1599 200 1672 esset,
225 1613 302 1660 nou
320 1591 460 1662 iuberet
474 1616 571 1662 nunc
585 1617 650 1666 vos
666 1593 770 1664 aliter
785 1594 931 1666 sentire.
1058 1588 1134 1682 ipse
1151 1601 1229 1660 erat
1242 1591 1369 1662 unicus
1382 1592 1455 1662 dux
1468 1593 1631 1663 omnium
1656 1594 1859 1680 sociorum,
1892 1599 1991 1690 quod
2015 1599 2056 1670 in

109 1689 302 1782 Perspicue
321 1706 442 1764 autem
466 1696 653 1768 ostendam
675 1695 792 1788 ipsum
813 1721 891 1768 non
912 1696 1005 1770 iusta
1057 1691 1153 1762 bello
1169 1692 1369 1765 maximum
1386 1706 1456 1774 est;
1483 1695 1611 1767 deinde
1628 1719 1770 1790 semper
1786 1711 1864 1769 erat
1876 1699 1915 1768 in
1933 1700 2056 1788 armis,

12 1793 193 1864 ·ostulare
208 1818 284 1866 non
302 1797 446 1870 calculis
461 1798 598 1890 Positis.
631 1799 824 1872 Dissimilis
841 1811 894 1872 est
907 1799 1005 1870 enim
1058 1807 1095 1864 et
1108 1795 1260 1888 pecunia
1285 1796 1513 1883 abundabat,
1547 1811 1582 1872 et
1598 1799 1744 1891 agebat,
1778 1825 1869 1896 quae
1884 1827 1949 1872 suo
1969 1827 2055 1874 con-

0 1898 3 1957 l
29 1919 97 1964 aec
113 1899 356 1992 computatio,
382 1903 445 1974 sed
459 1901 605 1994 negotia
626 1903 704 1996 ipsa
724 1905 884 1974 breviter
903 1903 1005 1976 vobis
1056 1897 1138 1969 silio
1155 1899 1382 1986 decreverat,
1407 1925 1483 1972 non
1498 1901 1599 1994 prius
1622 1904 1779 1976 reserens
1801 1908 1847 1975 ad
1867 1907 2056 1999 populum,

25 2030 32 2061 ι
65 2001 284 2074 memoriam
305 2004 497 2097 redigens,
528 2019 570 2076 ut
589 2031 654 2078 vos
680 2006 749 2100 ipsi
773 2020 808 2078 et
836 2019 942 2080 testes
971 2017 1007 2078 et
1058 2024 1125 2072 nec
1142 2001 1344 2076 deliberans
1366 2003 1406 2074 in
1430 2005 1557 2098 vulgo,
1583 2029 1650 2076 nec
1676 2006 1939 2102 impediebatur
1963 2009 2057 2080 iudi-

22 2103 253 2178 onfutstores
276 2106 365 2180 sitis.
415 2107 509 2180 Meis
532 2109 709 2194 consiliis,
742 2135 834 2206 quae
857 2110 923 2182 iste
949 2133 1007 2180 ac·
1059 2104 1198 2176 ciorum
1216 2117 1253 2175 et
1267 2105 1531 2180 calumniarum
1546 2122 1665 2194 metu,
1687 2135 1753 2183 nec
1768 2111 1963 2202 cogebatur
1976 2114 2057 2186 red-

69 2217 131 2290 at,
147 2203 216 2278 hoc
233 2209 397 2282 effectum
412 2225 483 2297 est,
499 2235 546 2284 ne
557 2209 723 2286 Thebani
738 2237 820 2286 eum
834 2209 1005 2306 Philippo
1058 2208 1144 2279 dere
1161 2209 1341 2280 rationem
1356 2235 1504 2282 suorum
1521 2212 1773 2299 εοιιείΙίοιιιιιι,
1793 2216 1856 2287 sed
1870 2228 2058 2287 uuuserat
2172 2233 2177 2240 '

0 2342 46 2371 o
54 2321 183 2402 petum
203 2313 363 2384 lacerent
383 2315 422 2384 in
444 2314 621 2402 Atticam,
657 2319 756 2414 quod
779 2317 931 2388 omnino
951 2318 1007 2388 lu·
1059 2311 1228 2385 dominus
1243 2325 1279 2383 et
1292 2313 1383 2400 dux,
1410 2327 1446 2386 et
1460 2314 1582 2396 omnia
1605 2315 1645 2385 in
1666 2329 1842 2408 potestate
1862 2341 1927 2388 sua
1947 2313 2057 2388 habe·

15 2437 132 2484 urum
150 2427 247 2500 erat,
282 2418 346 2490 sed
359 2418 547 2492 nobiscum
571 2432 705 2492 stantes
730 2421 768 2492 in
790 2420 865 2491 acie
888 2420 1005 2514 ipsum
1058 2415 1133 2487 bat.
1182 2413 1261 2507 Ego
1277 2411 1362 2490 huic
1378 2417 1442 2491 tali
1455 2418 1539 2492 duci
1555 2419 1741 2512 oppositus
1756 2419 1858 2518 (nam
1875 2415 1945 2492 hoe
1967 2444 2058 2516 quo-

0 2527 190 2598 rcerent;
205 2518 291 2590 item
310 2542 357 2590 ne
374 2516 514 2594 hostilis
528 2523 703 2598 exercitus
718 2524 758 2594 in
770 2521 927 2594 Atticam
942 2523 1007 2593 du·
1059 2541 1131 2612 que
1161 2519 1463 2592 considerandum
1499 2523 1568 2620 est)
1600 2521 1688 2617 quid
1715 2523 1755 2593 in
1776 2547 1856 2596 mea
1880 2535 2057 2616 potestate

15 2631 167 2704 eretur,
206 2623 269 2694 sed
298 2623 339 2692 in
358 2623 439 2696 loco
461 2626 655 2712 Boeotiae,
689 2627 754 2722 qui
774 2625 1007 2720 septingentis
1060 2616 1264 2702 habebam?
1296 2622 1395 2696 Haec
1409 2625 1487 2718 ipsa
1508 2637 1667 2720 potestas
1689 2625 1852 2711 dicendi,
1885 2650 1957 2719 qua
1978 2626 2057 2697 sola

0 2722 133 2792 tadiis
148 2745 166 2790 a
183 2738 308 2796 nostra
321 2726 458 2817 ditione
476 2729 605 2814 distat,
633 2743 815 2812 maneret3
847 2731 935 2804 item
961 2751 1007 2802 ne
1060 2724 1261 2821 aequaliter
1289 2728 1343 2798 uti
1371 2739 1556 2822 poteram,
1601 2731 1802 2802 communis
1829 2741 1952 2800 tamen
1979 2740 2059 2800 erat

3 2825 211 2910 raedones
225 2853 267 2900 ex
281 2828 430 2902 Euboea
443 2831 707 2926 popularentur
725 2857 830 2927 agros
850 2846 1008 2918 nostros,
1061 2852 1143 2900 cum
1164 2828 1230 2915 iis,
1262 2830 1325 2924 qui
1341 2831 1386 2900 ab
1402 2831 1466 2902 illo
1483 2833 1647 2904 mercede
1672 2831 1841 2906 conducti
1864 2843 1986 2918 erant,
2022 2841 2059 2902 et

13 2933 68 3001 ed
87 2941 166 3000 toto
180 2932 265 3002 belli
279 2945 443 3028 tempore
458 2958 558 3007 mare
580 2949 748 3028 pacatum
772 2933 1008 3018 haberemus;
1061 2930 1202 3025 quoties
1218 2932 1363 3004 illorum
1378 2937 1553 3006 sententia
1568 2936 1650 3026 plus
1664 2936 1796 3022 valuit,
1820 2947 1861 3006 ut
1877 2958 1983 3028 saepe
2000 2957 2058 3002 ac·

7 3048 97 3104 tem
111 3057 157 3102 ne
170 3033 339 3130 Byzantii
352 3033 536 3123 hostibus,
562 3039 625 3110 sed
646 3040 752 3111 nobis
773 3037 935 3112 adiuncti
955 3063 1008 3112 es·
1061 3033 1148 3104 cidit
1177 3033 1419 3132 qualicunque
1447 3040 1655 3123 occasione,
1694 3037 1906 3129 suffragatio
1937 3047 2058 3108 vestra

0 3149 100 3208 mut.
153 3136 221 3208 Hie
236 3163 390 3234 quaeso,
415 3163 463 3212 an
479 3137 568 3213 haec
582 3143 726 3234 negotia
744 3156 786 3216 nt
799 3143 927 3214 calculi
940 3142 1008 3212 tol-
1059 3133 1223 3209 hostibus
1238 3139 1422 3230 proderat.
1471 3136 1670 3213 Interhaec
1683 3153 1783 3213 tanta
1798 3141 2056 3234 impedimenta

4 3242 117 3313 enda
144 3255 245 3328 sunt,
279 3267 327 3314 an
354 3267 442 3315 vero
465 3259 677 3338 perpetuam
697 3271 773 3320 esse
795 3241 927 3318 barum
951 3267 1008 3316 re-
1060 3252 1184 3311 tamen
1199 3240 1301 3312 vobis
1317 3240 1466 3313 adiunxi
1479 3246 1615 3329 socios,
1642 3246 1706 3339 qui
1724 3243 1856 3317 auxilia
1882 3243 2059 3315 miserunt

73 3380 81 3407 ·
111 3345 328 3417 memoriam
352 3348 543 3440 oporteat?
575 3347 652 3424 Nee
672 3350 745 3424 ianr
767 3351 883 3436 addo,
909 3351 1008 3446 quod
1063 3338 1190 3418 15000
1205 3344 1367 3438 peditum
1385 3359 1420 3416 et
1431 3347 1537 3422 2000'
1553 3347 1716 3445 equitum
1735 3359 1881 3441 praeter
1900 3348 2059 3420 urbanas

69 3449 255 3520 delitatem
285 3451 400 3542 regis,
444 3475 554 3547 quam
585 3453 763 3539 exercuit,
801 3453 1007 3549 ubicunque
1061 3447 1194 3541 copias.
1247 3446 1385 3542 Collegi
1398 3449 1526 3538 etiam,
1553 3463 1730 3548 quantum
1744 3449 1919 3544 pecuniae
1942 3447 2059 3543 potui.

10 3555 133 3648 liquo
161 3552 241 3624 loco
274 3553 411 3646 potitus
439 3567 512 3640 est,
546 3557 625 3628 aliis
641 3555 808 3650 'experiri
840 3557 1007 3648 contigit;
1061 3550 1171 3645 Quod
1193 3564 1314 3624 autem
1336 3577 1435 3624 nunc
1455 3553 1633 3647 disputas,
1666 3579 1743 3624 non
1762 3555 1871 3628 fuisse
1890 3551 2058 3646 aequales

13 3656 243 3730 umanitatis
264 3679 373 3742 vero,
406 3679 515 3750 quam
539 3659 750 3743 simulabat,
783 3659 923 3754 reliqua
944 3683 1007 3728 ne·
1060 3666 1224 3746 sumptus
1253 3665 1399 3726 nostrae
1430 3654 1584 3727 civitatis
1607 3670 1643 3727 et
1664 3656 1866 3740 sociorum,
1897 3654 2058 3746 primum

12 3759 107 3830 otia
140 3759 291 3831 moliens
320 3783 385 3830 vos
405 3771 500 3830 recte
522 3761 687 3832 faciendo
707 3763 865 3834 fructum
886 3783 1008 3853 perce·
1058 3755 1207 3847 ignoras
1221 3756 1330 3826 etiam
1347 3769 1453 3830 antea
1468 3755 1508 3828 in
1521 3758 1688 3852 periculis
1698 3757 1960 3842 communibus,
1976 3778 2058 3827 cunr

0 3861 123 3936 istis.
175 3862 246 3932 Sed
262 3858 319 3936 his
337 3862 477 3934 omissis
498 3858 569 3934 hoc
589 3875 731 3936 tantum
756 3865 905 3934 addam:
933 3863 1008 3957 Qui
1060 3871 1137 3930 tota
1153 3859 1273 3932 classis
1288 3871 1378 3931 esset
1393 3873 1636 3936 trecentarum
1655 3862 1877 3947 triremium,
1894 3872 2058 3933 nostram

9 4000 19 4031 ι
57 3978 247 4036 oratorem
264 3967 376 4050 iuste,
391 3989 468 4036 non
484 3967 704 4040 calumniose
719 3969 798 4039 vult
810 3966 1007 4063 inquirere,
1060 3961 1241 4035 civitatem
1258 3963 1467 4039 instruxisse
1481 3966 1671 4050 ducentas,
1691 3991 1758 4038 nee
1771 3967 1871 4038 illam
1885 3963 2059 4058 inaequa-

1 4093 84 4143 ton
100 4069 197 4140 dicat
219 4068 328 4156 talia,
355 4070 476 4164 qualia
499 4093 597 4142 nune
622 4070 817 4155 afferabas,
845 4095 924 4142 cum
949 4095 1006 4142 ex·
1058 4065 1200 4136 litatem
1222 4067 1418 4159 defugisse,
1456 4093 1573 4164 neque
1596 4093 1759 4142 suasores
1782 4081 1976 4162 propterea
2001 4087 2059 4135 ac·

7 4174 128 4266 mpla
145 4173 315 4264 fingeres,
346 4185 383 4242 et
396 4173 505 4244 verba
523 4175 700 4268 quaedam
717 4198 758 4244 ae
774 4186 891 4265 gestus
913 4173 1007 4244 deri·
1060 4193 1219 4255 cusasse,
1251 4171 1291 4240 id
1307 4171 1404 4241 enim
1422 4184 1525 4266 turpe
1548 4173 1691 4258 fuisset,
1721 4173 1784 4244 sed
1799 4171 1879 4244 Deo
1904 4168 2059 4264 gratiam

1 4301 123 4352 teres.
175 4275 260 4349 Non
284 4274 383 4348 euim
406 4275 445 4346 in
468 4301 511 4346 eo
532 4279 701 4350 fortunae
717 4277 889 4348 Graeciae
911 4276 1008 4371 posi·
1059 4268 1247 4360 habuisse,
1283 4277 1382 4370 quod
1397 4275 1436 4344 in
1460 4276 1644 4346 communi
1664 4275 1825 4370 periculo
1850 4274 1962 4367 duplo
1983 4294 2060 4342 ma·

1 4408 59 4456 ae
82 4383 252 4466 luerunt,
284 4379 316 4450 si
328 4375 398 4452 boc
414 4379 472 4450 vel
481 4378 546 4449 illo
571 4383 683 4453 verbo
703 4405 789 4454 usus
812 4405 913 4465 sum,
946 4393 1008 4452 aut
1059 4375 1138 4448 iora
1152 4401 1263 4450 onera
1280 4402 1348 4471 pro
1368 4375 1481 4450 salute
1496 4379 1638 4471 publica
1652 4379 1861 4453 sustinebat.
1912 4377 2059 4448 Postre-

1 4509 79 4558 ruc
102 4483 161 4552 vel
182 4483 267 4554 illuc
292 4506 442 4554 manum
464 4483 575 4556 movi.
633 4484 703 4555 Sed
727 4509 772 4554 ex
793 4483 950 4555 consiliis
973 4496 1009 4555 et
1059 4506 1121 4552 mo
1143 4473 1212 4552 hac
1235 4482 1414 4552 calumnia
1447 4481 1593 4552 inanem
1622 4482 1775 4575 gratiam
1807 4481 1898 4554 inire
1927 4479 2061 4564 studes,

9 4585 214 4660 ctionibus
236 4588 282 4658 de
303 4609 346 4657 eo
369 4585 574 4658 laciendum
595 4611 669 4659 esse
694 4587 867 4658 iudicium
890 4599 1009 4660 osten·
1060 4607 1158 4656 nnnc
1186 4584 1294 4670 dicis,
1335 4584 1423 4681 quid
1452 4585 1511 4678 agi
1536 4585 1758 4680 oportuerit,
1792 4597 1879 4658 tunc
1903 4583 2060 4668 tacebas,

1 4716 116 4774 arn,
142 4713 235 4783 quae
248 4689 385 4762 luerint
399 4689 603 4762 occasiones
619 4714 741 4766 rerum
757 4692 1009 4784 gerendarum,
1062 4714 1144 4760 cum
1178 4688 1324 4783 quidem
1357 4689 1508 4762 adesses.
1575 4689 1649 4762 Cur
1671 4702 1758 4764 tunc
1780 4713 1857 4762 non
1880 4687 2060 4762 scribebas

1 4815 102 4894 rrae
119 4792 274 4866 civitatis
287 4791 401 4877 vires,
434 4818 515 4865 cnm
538 4794 673 4866 bellum
695 4795 814 4868 subito
837 4794 944 4867 nobis
968 4795 1010 4864 il-
1061 4788 1172 4876 haec,
1196 4791 1227 4864 si
1244 4791 1428 4886 possibilia
1446 4792 1575 4866 erant?
1602 4818 1645 4864 eo
1659 4808 1822 4888 tempore
1839 4817 1916 4866 non
1937 4791 2060 4890 qualia

1 4913 124 4974 atum
138 4909 210 4982 est,
236 4921 328 4992 quos
343 4895 460 4968 socios
475 4897 581 4969 nobis
596 4897 842 4986 adiunxerim,
869 4912 1010 4992 postea·
1062 4895 1292 4981 volebamus,
1318 4897 1380 4969 sed
1396 4895 1517 4991 qualia
1533 4920 1591 4969 res
1608 4900 1869 4984 concedebant,
1896 4897 2058 4989 eligenda

2 5025 121 5102 marn
146 5001 193 5070 ad
215 4996 305 5072 haee
327 4999 476 5072 consilia
499 5000 649 5086 accessi,
683 5014 719 5072 et
742 5015 877 5098 quanta
901 5002 1011 5075 luerit
1063 4999 1177 5072 erant.
1226 4999 1375 5074 Praesto
1395 4999 1491 5070 enim
1507 5013 1586 5072 erat
1599 4997 1731 5090 hostis,
1756 5001 1819 5097 qui
1843 5001 2015 5072 alienatos
2037 5019 2060 5066 a

2 5104 170 5178 rostium
193 5103 367 5197 potentia.
424 5104 480 5174 Ac
502 5102 533 5175 si
551 5104 641 5177 meis
667 5105 824 5178 consiliis
854 5106 1011 5178 diminu-
1062 5102 1266 5176 nobismox
1279 5104 1507 5189 licitabatur,
1534 5117 1570 5176 et
1583 5106 1652 5178 sibi
1673 5105 1893 5197 adiungebat
1912 5103 2060 5195 insuper
2119 5145 2123 5156 ·

2 5235 60 5282 ae
81 5219 205 5280 essem
220 5205 374 5279 civitatis
388 5206 495 5292 vires,
508 5219 595 5278 tune
607 5231 692 5278 vere
707 5208 747 5278 in
764 5210 868 5302 culpa
885 5233 1011 5295 essem,
1063 5209 1172 5280 etism
1188 5209 1377 5301 pecuniam
1394 5207 1561 5299 largiens.

12 5339 40 5384 c
62 5312 166 5382 iuste
181 5333 385 5393 accusarem
411 5310 468 5384 sin
486 5320 607 5381 autem
623 5324 748 5382 auctae
765 5336 807 5384 ac
821 5314 1011 5384 confirma·
1167 5309 1257 5383 Cum
1274 5325 1393 5384 autem
1409 5337 1506 5382 nunc
1521 5311 1668 5382 retentis
1686 5309 1724 5378 in
1741 5307 1859 5380 officio
1885 5306 1990 5396 sociis
2014 5331 2057 5380 eo

2 5441 59 5488 ae
78 5428 221 5500 essent,
236 5415 435 5488 calumnias
447 5413 569 5486 omitti
585 5415 787 5508 oportebat.
840 5415 931 5490 Cum
948 5441 1011 5489 au·
1063 5410 1325 5508 reprehendat,
1353 5417 1543 5512 quodnon
1566 5413 1716 5488 duriora
1737 5411 1919 5488 oneraris
1942 5412 2060 5508 impo-

45 5531 372 5598 nasammonas.
404 5533 491 5598 Van.
507 5532 615 5596 xvtt
1277 5529 1280 5536 “
1443 5512 1495 5590 54
