4584 5796
251 177 323 250 881

251 343 394 420 modius
424 342 468 412 ad
500 333 783 432 propositionem
809 334 996 422 deveniat,
1035 359 1081 408 ne
1107 336 1240 410 scilicet

252 446 439 522 dissentiat
461 445 506 513 ab
527 438 604 525 his,
625 437 688 533 qui
712 439 970 531 rempublicam
990 438 1142 510 liberam
1164 459 1240 511 esse

253 552 375 623 velint.
424 544 576 617 Additae
592 540 778 614 suutduae
800 541 979 627 rationes,
1011 545 1123 614 altera
1145 565 1166 614 a
1188 543 1241 612 l'a·

190 713 194 720 .
254 655 403 731 cultate,
425 647 528 744 quasi
541 645 689 715 diceret:
715 643 822 716 Nunc
837 667 875 716 es
887 643 1090 736 designatus
1106 645 1242 729 consul,

254 757 364 849 igitur
383 750 518 845 poteris
535 759 570 818 te
594 767 777 836 opponere
791 744 970 828 Antoui03
1000 760 1103 818 antea
1115 775 1136 834 ,·
1159 771 1239 818 cum

254 882 331 930 nou
348 879 438 926 esses
453 853 491 920 iu
512 851 572 919 illa
588 847 780 938 dignitate,
815 849 964 922 stultitia
981 850 1123 934 luisset,
1155 849 1185 922 si
1206 861 1241 918 te

256 956 479 1053 opposuisses
493 949 682 1044 superiori.
732 951 855 1022 Altera
871 976 957 1022 vero
975 953 1020 1022 ab
1036 953 1189 1023 utilitate
1208 963 1243 1022 et

255 1061 387 1154 gloria:
421 1055 629 1126 Gloriosum
652 1063 705 1124 est
728 1055 985 1147 rempublicam
1007 1055 1046 1124 in
1068 1053 1243 1148 tranquil-

254 1166 328 1234 lum
348 1172 480 1231 statum
495 1155 693 1227 restituere.
743 1155 914 1249 Epilogus
929 1157 1099 1248 figuratus
1114 1169 1168 1228 est
1186 1180 1244 1225 oc-

255 1262 462 1357 cupatione:
489 1259 573 1331 Non
587 1253 676 1325 haec
689 1280 731 1325 eo
747 1260 882 1342 scribo,
908 1263 1004 1353 quod
1021 1273 1056 1328 te
1077 1283 1156 1330 mea
1181 1260 1243 1327 ssd·

253 1365 462 1438 hortatione
483 1381 700 1452 magnopere
715 1383 806 1452 opus
819 1357 951 1430 habere
968 1374 1103 1454 putem.
1151 1361 1244 1431 Scri·-

254 1483 319 1564 pta
345 1478 465 1536 autem
496 1474 549 1534 est
581 1461 728 1552 epistola
760 1463 945 1556 aliquanto
977 1476 1060 1555 post
1089 1464 1244 1536 occisum

257 1573 466 1650 Caesarem,
506 1587 578 1658 quo
608 1575 770 1654 ternpore
792 1565 989 1649 Antonius,
1022 1567 1079 1634 cui
1103 1569 1244 1638 decreta

257 1657 335 1742 erat
355 1667 539 1762 provincia
564 1664 797 1751 Macedonia,
836 1682 960 1738 contra
981 1669 1076 1760 leges
1100 1667 1246 1762 Longo-

214 1811 219 1820 ·
255 1774 418 1844 bardiam
435 1779 685 1860 occupaverat.

504 1935 643 2006 Aliud
665 1949 990 2027 argumentum.
1107 2005 1110 2014 ,

357 2068 519 2164 Epistola
543 2079 596 2140 est
610 2062 869 2140 adhortatoria.
926 2068 1124 2142 Exordium
1147 2095 1245 2142 sum-

255 2190 359 2272 ptum
383 2185 435 2244 est
457 2195 475 2238 a
497 2193 648 2261 persona
664 2167 809 2252 Furuii,
836 2170 934 2240 cuius
949 2172 1148 2263 praesentia
1165 2175 1244 2266 plu-

255 2280 390 2350 rimum
410 2273 601 2344 delectatus
617 2271 734 2342 fueris.
785 2271 873 2342 Post
891 2275 1077 2344 exordium
1096 2277 1244 2367 ponitur

255 2378 437 2459 narratio,
464 2395 554 2467 quae
576 2373 734 2442 continet
756 2376 1135 2446 commemorationem
1149 2391 1245 2447 vete-

256 2484 306 2554 ris
330 2493 365 2550 et
386 2478 546 2571 privatae
568 2475 849 2548 necessitudinis.
915 2477 1169 2550 Narrationem
1191 2504 1245 2552 se-

257 2584 379 2679 quitur
394 2577 613 2673 propositio,
640 2600 731 2669 quae
745 2589 798 2646 est
812 2589 923 2650 status
939 2574 1044 2652 huius
1062 2582 1245 2673 epistolae,

244 2697 299 2758 'ut
317 2680 417 2760 omni
431 2677 548 2750 studio
565 2679 731 2749 defendat
744 2681 1013 2770 rempublicam.
1072 2683 1244 2776 Epilogus

257 2785 367 2858 babet
385 2781 563 2854 rationem
587 2779 770 2851 institutae
794 2778 1077 2868 adhortationis,
1111 2786 1246 2858 scilicet

258 2890 356 2985 quod
388 2884 523 2956 amoris
555 2903 659 2954 causa
693 2882 893 2974 scripserit,
926 2909 1001 2957 non
1021 2889 1120 2982 quod
1141 2913 1246 2981 prae-

258 2991 367 3083 ceptis
389 2987 471 3058 ullis
495 3009 584 3077 opus
611 2980 744 3054 habeat
765 2985 937 3073 Plancos,
976 2991 1099 3086 utqui
1121 3015 1185 3084 per
1208 3017 1245 3065 se

257 3091 393 3184 optime
421 3087 570 3169 videat„
602 3087 689 3180 quid
717 3088 919 3160 laciendum
947 3091 994 3162 sit
1022 3093 1061 3164 iu
1092 3095 1246 3166 admini-

257 3193 403 3264 stranda
423 3188 617 3280 republica.

440 3367 627 3445 Scholia
655 3371 701 3442 in
733 3373 974 3466 epistolam
1000 3375 1059 3452 lv.

361 3522 393 3618 ἓ.
412 3525 446 3596 1.
482 3528 707 3598 (iratissimus
727 3521 832 3623 mihi]
867 3525 1065 3600 Exordium
1087 3533 1245 3604 continet

150 3707 153 3714 ,
258 3628 541 3710 excusationem,
583 3651 646 3697 cur
673 3651 749 3697 nou
780 3629 972 3723 scripserit.
1083 3639 1154 3726 Epo
1181 3661 1245 3708 ou-

256 3724 405 3828 tcm”)]
432 3729 551 3798 Ratio.
628 3761 633 3772 ·

362 3832 393 3925 ᾗ.
407 3837 443 3906 2.
472 3835 594 3902 Omnia
608 3826 734 3927 ipitur]
761 3832 988 3926 Propositio,
1015 3859 1085 3932 qua
1100 3839 1187 3910 dicit
1209 3865 1245 3913 sc

257 3937 413 4030 probare
430 3932 505 4003 eius
527 3932 686 4001 consilia.
762 3939 864 4008 Nunc
884 3935 1082 4036 veroquid]
1109 3941 1247 4013 confir.

258 4039 369 4109 matio
386 4033 523 4106 consilii
536 4032 717 4103 Ciceronis
735 4059 753 4102 a
769 4039 969 4125 praeteritis
983 4041 1089 4113 rebus
1105 4046 1221 4134 gestis.

361 4135 392 4230 ἓ.
408 4139 444 4208 8.
470 4141 581 4222 Quare
596 4137 656 4206 troo
669 4161 772 4208 onom
787 4139 850 4210 tibi
861 4139 1046 4240 persuade]
1065 4144 1245 4237 Repetitio

259 4238 526 4335 propositionis.
578 4241 657 4307 Non
672 4250 722 4310 est
737 4237 889 4338 iunctus]
915 4241 971 4311 Ab
986 4248 1178 4317 autoritate
1186 4249 1246 4345 ⁹⁵).

364 4339 394 4434 ἓ.
411 4339 448 4412 4.
471 4343 556 4410 Sum
571 4342 610 4408 in
626 4347 858 4430 expectatione
879 4347 1027 4418 omnium
1040 4348 1244 4449 'reram²⁶)]

257 4445 312 4514 De
338 4469 400 4516 sua
423 4439 661 4514 sollicitudine
683 4457 719 4513 et
747 4447 878 4520 studio.
985 4451 1081 4536 Quod
1107 4455 1141 4523 si
1165 4476 1247 4542 per.

257 4542 417 4642 inde⁹⁷)]
442 4542 670 4614 Pollicitatio.

259 4683 464 4698 m

292 4757 341 4824 24)
359 4759 414 4808 Pro
432 4759 475 4808 bis
490 4759 547 4810 cio.
565 4758 660 4810 verbis
677 4755 706 4808 in
718 4758 802 4810 Editt.
817 4760 902 4826 Μ,
923 4763 999 4818 soso.
1017 4761 1080 4816 bulo
1095 4765 1179 4818 uotae
1195 4777 1248 4830 tp·

229 4876 236 4897 ,
328 4827 419 4890 posita
435 4831 499 4876 sunt
515 4829 674 4892 sequentias
700 4827 822 4881 Nullum
839 4833 923 4884 enim.

292 4912 342 4978 25)
361 4915 436 4964 llaec
458 4914 524 4960 nota
550 4913 578 4961 tn
602 4913 686 4964 norst.
706 4915 797 4980 Μ,
823 4917 899 4968 156⁰.
929 4917 1077 4970 secundum
1098 4919 1150 4971 Ed.
1171 4921 1246 4975 root.

326 4995 344 5032 a
364 4979 537 5043 praecedeuti
554 4979 695 5048 seiuncta,
714 4982 741 5032 iu
754 4985 837 5036 uuirt.
853 4987 937 5050 toto,
958 4988 1045 5053 toas,
1064 4988 1151 5056 lbos,
1171 4991 1246 5044 root.

326 5063 387 5100 com
412 5049 460 5097 itta
483 5047 510 5095 lu
535 5061 616 5100 unam
640 5051 681 5100 sio
704 5053 746 5101 est
770 5053 929 5104 coutuncta:
968 5057 1065 5118 Quare
1088 5058 1142 5109 too
1159 5073 1248 5111 onsrm

325 5121 382 5170 rtet
396 5116 554 5182 persuade]
572 5119 709 5181 nepetttlo
727 5124 925 5184 propositionis
941 5125 976 5174 ab
992 5125 1153 5181 autoritate.

291 5202 341 5262 26)
360 5203 390 5252 tu
410 5203 495 5254 Editt.
516 5203 604 5268 1545,
623 5205 700 5254 toto.
718 5205 780 5258 boto
796 5211 878 5259 notae
896 5221 946 5271 pro
965 5209 1007 5258 bis
1025 5209 1166 5274 adscripta
1183 5213 1248 5264 sunt

329 5270 519 5322 antecedentia
537 5271 593 5326 clo.
613 5275 714 5326 verbus
737 5273 798 5328 Nec
814 5291 891 5330 nunc
908 5279 1095 5332 committam.

291 5345 340 5414 27)
358 5357 493 5420 sursus]
510 5355 553 5408 sto
569 5357 637 5410 illae
655 5358 741 5412 Editt.
759 5371 872 5428 omoss3
897 5362 946 5416 tlt
966 5364 1055 5419 orell.
1071 5363 1202 5429 modste.

803 159 947 238 run.
979 103 1094 240 um.
1125 157 1329 240 sonum
1363 161 1702 244 rmxoaomos.

2176 181 2231 262 ili

1584 337 1909 433 Argumentum
1920 341 1980 443 ΙΙ).

1392 471 1634 568 Responaoria
1650 489 1724 565 est,
1749 473 1788 548 in
1805 502 1876 574 qua
1890 478 2099 572 significatae
2114 487 2234 577 probare

1292 584 1328 642 et
1348 588 1552 650 secuturum
1575 605 1719 676 quoque
1744 581 1891 652 consilia
1916 582 2100 657 Ciceronis.
2150 587 2236 660 Exor-

1292 675 1392 748 dium
1406 681 1602 752 admodum
1618 683 1726 753 breve
1739 695 1810 768 est,
1837 686 1934 778 quod
1947 696 2079 756 constat
2091 711 2235 760 commen·
2269 711 2270 758 3

1293 779 1439 852 datiorm
1465 783 1689 870 litterarum,
1726 798 1763 856 et
1784 787 2027 872 excusatione,
2064 811 2163 882 quare
2180 815 2235 862 nou
2269 851 2270 876 ,

1293 881 1493 976 scripserit,
1522 887 1643 956 addita
1665 886 1826 972 ratione,
1853 911 1964 982 qtrare
1988 889 2060 962 eius
2079 892 2236 963 amicitiam

1293 985 1387 1054 tueri
1407 986 1545 1060 debeat.
1610 987 1781 1082 Sequitur
1800 989 2018 1082 propositio,
2055 1015 2121 1087 qua
2138 996 2238 1085 probat

1294 1086 1370 1158 eius
1384 1089 1573 1160 consilium
1596 1091 1718 1162 addita
1740 1093 2010 1164 confirmatione
2032 1117 2052 1164 a
2075 1097 2238 1186 praeteritis
2269 1109 2270 1188 t

1293 1192 1400 1261 rebus
1421 1191 1527 1282 gestis
1548 1218 1688 1264 summa
1709 1193 1913 1287 prudentia.
1964 1195 2140 1266 Conclusio
2158 1193 2238 1268 babet
2269 1205 2270 1292 l

1295 1293 1543 1386 repetitionem
1560 1295 1837 1389 propositionis,
1860 1297 1983 1368 addito
2000 1304 2188 1388 argumento
2205 1301 2237 1368 ab

1296 1396 1506 1482 autoritate,
1547 1400 1647 1493 quod
1673 1397 1837 1470 videlicet
1866 1399 1942 1470 eius
1970 1399 2110 1470 consilia
2132 1423 2239 1493 semper

1295 1497 1443 1590 plurimi
1468 1502 1602 1574 fecerit.
1667 1497 1711 1570 Iu
1738 1502 1808 1570 fine
1835 1503 1937 1572 addit
1955 1503 1998 1572 de
2017 1526 2079 1572 sua
2103 1503 2238 1574 sollicitu-

1297 1602 1379 1672 dine
1396 1613 1433 1671 et
1447 1601 1579 1677 studio.
1629 1599 1719 1674 Item
1736 1605 1851 1674 defert
1865 1629 1970 1676 soum
1989 1603 2148 1676 studium.

1541 1769 1678 1844 Aliud
1704 1785 2033 1867 argumentum.

1397 1909 1641 2001 Responsoria
1668 1921 1721 2002 est
1747 1911 1794 1979 ad
1820 1912 1988 2004 epistolas
2010 1908 2190 1992 Ciceronis,
2211 1931 2238 1976 ac
2269 1923 2270 1980 t

1295 2009 1451 2104 primum
1467 2011 1613 2105 quidem
1632 2013 1825 2105 respondet
1844 2015 1891 2082 ad
1912 2012 2088 2105 privatum
2110 2011 2239 2093 officium,
2269 2033 2270 2106 ξ

1296 2137 1368 2207 quo
1392 2113 1573 2184 Ciceronis
1595 2113 1790 2183 amicitiam
1816 2115 1911 2186 tueri
1939 2115 2074 2184 debeat
2134 2113 2239 2182 Deinde

1295 2239 1331 2286 se
1356 2216 1430 2286 eius
1456 2214 1612 2286 consiliis
1636 2216 1879 2287 defendendae
1905 2217 2117 2309 reipublicae
2138 2217 2239 2284 obtem·
2269 2237 2270 2284 t

1295 2331 1503 2409 peraturum
1526 2317 1725 2410 pollicetur.
1790 2317 1990 2390 Exordium
2015 2328 2144 2388 constat
2165 2315 2240 2386 fani-

1294 2420 1377 2488 liari
1409 2419 1539 2489 affectu
1571 2433 1606 2488 et
1635 2421 1861 2490 excusatione
1890 2421 2041 2514 neglecti
2064 2419 2160 2490 officii
2181 2417 2241 2487 scri·
2269 2399 2270 2490 i

1294 2523 1414 2592 bendi.
1471 2521 1612 2592 Deinde
1635 2523 1782 2614 exponit
1804 2545 1927 2594 causus
1951 2522 2146 2616 praestandi
2165 2517 2241 2590 officii

1296 2637 1331 2695 et
1351 2625 1503 2694 tuendae
1528 2623 1724 2709 amicitiae,
1756 2627 1917 2720 sequitur
1936 2625 2147 2718 propositio,
2171 2620 2241 2716 quod
2269 2699 2270 2704 .

1295 2727 1381 2796 velit
1410 2728 1658 2818 obtemperare
1689 2727 1763 2798 eius
1791 2728 1949 2799 consiliis
1972 2739 2007 2798 ct
2026 2725 2240 2821 rempublicam
2269 2745 2270 2828 p

1296 2830 1496 2902 defendere.
1545 2827 1655 2898 Ratio
1672 2842 1811 2901 constat
1823 2825 1892 2901 hoc
1907 2829 2125 2924 syllogismo:
2147 2827 2242 2898 Sinon
2269 2839 2270 2904 l

1295 2944 1390 3003 recte
1405 2932 1575 3004 sentirem
1590 2932 1634 3001 de
1652 2931 1852 3026 republica,
1875 2933 2071 3003 abducerer
2085 2931 2187 3024 aliqua
2199 2947 2242 3017 spe
2269 2941 2270 3030 j

1295 3034 1444 3107 maioris
1460 3035 1657 3116 commodi;
1684 3035 1746 3108 sed
1760 3035 1858 3104 nulla
1872 3059 1954 3126 spes
1966 3046 2018 3108 cst
2032 3033 2166 3103 maioris
2174 3051 2242 3098 con·
2269 3031 2270 3088 l

1296 3137 1412 3208 modi:
1440 3161 1525 3228 crgo
1547 3137 1698 3208 defendo
1715 3138 1988 3229 rempublicam.
2036 3135 2189 3227 Epilogus
2200 3126 2242 3198 hs·

1295 3243 1356 3310 bet
1370 3239 1620 3331 repetitionem
1638 3251 1673 3308 et
1687 3238 2002 3332 amplificationem
2017 3231 2242 3334 propositionis.

1295 3343 1406 3413 Addit
1427 3341 1535 3410 etiam
1554 3339 1703 3410 brevem
1728 3339 2026 3432 significationem
2049 3361 2127 3414 suae
2149 3330 2243 3408 sollici·

1296 3442 1441 3516 tudinis.
1790 3435 1811 3458 “’
1937 3459 1941 3469 ·
2046 3475 2060 3484 ⁴·

1535 3592 1674 3666 Aliud
1709 3607 2042 3686 argumentum.

1398 3728 1593 3800 Pollicetur
1615 3728 1781 3800 Ciceroni
1801 3729 1956 3801 Plancus
1977 3753 2019 3802 se
2041 3727 2114 3800 eius
2132 3717 2245 3794 consilit

1297 3833 1336 3902 iu
1360 3833 1642 3902 administranda
1662 3831 1844 3924 republica
1858 3823 2082 3903 'secuturum
2129 3821 2247 3896 Orditor

1298 3959 1319 4004 a
1344 3933 1654 4004 commendatione
1675 3934 1876 4005 litterarum
1899 3931 2093 4005 Ciceronis.
2139 3921 2245 3997 Deinde

1298 4050 1440 4108 excusat
1474 4037 1675 4128 neglectum
1702 4035 1881 4106 scribendi
1910 4036 2067 4106 officium
2094 4044 2128 4102 et
2155 4043 2247 4136 causat

1298 4149 1576 4221 commemorat,
1601 4160 1665 4207 cur
1679 4137 1843 4208 Ciceroni
1858 4139 1895 4206 in
1913 4139 2080 4208 omnibus
2092 4129 2246 4225 gratificor
2269 4193 2270 4234 3

1298 4242 1434 4311 debeat.
1487 4239 1649 4310 Tandem
1667 4239 1839 4331 proponit
1854 4263 1890 4310 sc
1907 4240 1961 4308 illi
1974 4241 2124 4310 libenter
2145 4227 2247 4324 paritu-
2269 4263 2270 4276 .

1298 4367 1391 4415 rum.
1451 4341 1575 4412 Utitur
1596 4365 1670 4412 uno
1699 4354 1930 4432 argumento,
1962 4343 2061 4436 quod
2082 4340 2148 4407 iam
2169 4340 2247 4401 autea

1297 4447 1336 4515 in
1351 4469 1391 4516 ea
1407 4445 1551 4515 fortuna
1569 4443 1634 4528 sit,
1658 4455 1699 4513 ut
1721 4444 1853 4514 nullius
1876 4443 2058 4514 commodi
2078 4463 2136 4532 spe
2155 4449 2247 4528 passu·

1298 4573 1359 4622 rus
1374 4547 1420 4620 sit
1435 4572 1471 4620 se
1489 4571 1509 4616 a
1524 4545 1706 4640 republica
1723 4545 1863 4617 abduci.
1951 4546 1953 4552 ’

1544 4715 1679 4786 Aliud
1711 4724 2038 4806 argumentum.

1398 4849 1558 4944 Epistola
1576 4863 1628 4922 est
1641 4849 1887 4942 responsoria,
1918 4871 2009 4943 quae
2033 4841 2136 4914 habet
2157 4832 2247 4930 primo

1282 4955 1376 5023 'loco
1392 4953 1578 5024 exordium
1600 4953 1785 5021 continens
1805 4951 2088 5030 excusationem,
2120 4962 2176 5011 cur
2193 4948 2246 5004 110ss

1298 5056 1487 5150 scripserit.
1539 5053 1707 5148 Sequitur
1726 5053 1945 5145 propositio,
1978 5071 2068 5144 quae
2091 5041 2187 5116 habet
2203 5053 2247 5122 ap

1298 5214 1504 5231 *—

1240 5305 1241 5308 ¹
1330 5293 1380 5352 to)
1398 5292 1457 5344 ttae
1472 5287 1661 5354 argumentum
1679 5289 1707 5340 et
1724 5286 1780 5340 trts
1796 5284 1941 5352 sequeutia
1957 5283 1985 5336 tu
2002 5278 2087 5334 unct
2106 5269 2182 5332 titia
2199 5253 2249 5314 ¹⁶⁵⁵

1366 5361 1484 5412 -1596,
1502 5359 1621 5412 exstant.
