4584 5796
44 177 109 260 ,ω
168 171 294 252 xxm
333 169 1350 282 anaunenramscuotnmmrsr.rtu
1377 177 1463 286 no
1487 179 1652 264 aaran
1677 187 1902 278 aaran.
1961 205 2054 297 ‚aee
2144 231 2147 248 ·

40 362 169 447 propter
200 349 288 420 illud
315 347 451 420 iactum
484 349 566 441 plus
590 373 696 437 emo,
742 373 854 446 quam
885 363 1003 424 antea.
1058 354 1214 426 mon
1244 349 1350 451 etta]
1395 353 1627 444 Gonlutatio,
1679 357 1755 434 nen
1786 391 1859 440 esse
1890 365 2045 461 causam,

39 456 143 526 Prima
173 450 264 522 ratio
297 463 440 542 sumpta
463 463 516 523 est
537 475 580 522 ex
600 447 771 538 honesto,
821 455 932 526 altera
957 453 1003 524 ab
1056 477 1237 548 quereres
1252 479 1396 541 omnes,
1421 479 1509 552 qtras
1523 459 1662 532 Romae
1679 459 1862 568 tabem),
1894 497 1970 547 non
1984 479 2045 548 de.

38 555 177 646 exemplo
192 551 311 624 simili.
368 551 615 644 Propositioni
631 554 787 626 subiecta
802 569 856 626 est
870 551 1003 628 adhor-
1052 556 1137 626 beat
1151 557 1304 627 vendere
1314 555 1374 652 ⁰⁸).

37 658 127 740 tatio,
151 677 241 750 quae
256 649 365 723 habet
379 654 527 724 mixtam
544 655 832 746 gratulationem.
888 655 1003 748 Argu·
1157 653 1189 748 ᾗ.
1204 653 1244 730 5:
1265 655 1478 757 Passim]
1506 661 1708 741 Conclusio.

37 770 137 828 menta
165 755 411 846 gratulationis
433 768 572 848 sumpta
594 767 679 827 sunt
697 781 718 826 a
739 759 823 829 iacti
847 759 1002 830 utilitate

37 857 193 950 etgratia3
219 858 325 940 item,
352 859 450 952 quod
462 881 538 928 non
555 858 669 943 forte,
695 862 758 930 sed
775 861 923 932 consilio
945 884 1003 952 ge·
1347 828 1746 936 Argummumwl·

35 975 110 1032 stam
131 960 185 1030 sit.
238 957 428 1030 Conclusio
456 971 510 1030 est
532 955 801 1048 adhortatorie,
835 975 876 1032 nt
900 975 1004 1032 ornet
1154 959 1315 1052 Epistola
1347 975 1401 1034 cst
1427 966 1655 1057 responsoria
1675 972 1764 1046 duas
1787 991 1907 1067 partes
1928 986 2042 1056 conti·

34 1063 165 1134 Brutum
180 1071 216 1130 et
230 1059 390 1132 Cassium
406 1060 580 1133 libertatis
599 1074 755 1135 autores.
1053 1083 1154 1134 nens.
1219 1063 1428 1156 Respondet
1456 1067 1552 1138 enim
1583 1071 1720 1145 duabus
1744 1078 1901 1168 epistolis
1924 1085 2038 1162 Paeti.

1053 1160 1094 1232 ln
1116 1163 1237 1256 priore
1261 1189 1403 1238 cansam
1425 1170 1589 1259 exponit,
1629 1195 1691 1244 cur
1719 1188 1904 1273 tantopere
1931 1187 2047 1260 inerit·

1054 1265 1225 1337 sollicitus
1248 1267 1292 1336 de
1315 1269 1518 1340 valetudine
1539 1271 1662 1359 Paeti,
1696 1281 1793 1370 quod
1816 1284 1979 1358 videlicet
2002 1304 2038 1362 et

119 1369 212 1440 Haec
227 1367 377 1460 epistole
398 1368 530 1459 scripta
550 1381 604 1440 est
619 1370 665 1438 ad
679 1366 902 1439 Dolabellam
920 1387 1003 1434 con·
1053 1391 1090 1436 se
1106 1367 1221 1438 amari
1235 1369 1280 1440 ab
1294 1369 1372 1460 ipso
1387 1370 1486 1455 sciat,
1513 1386 1549 1444 et
1561 1376 1653 1444 mira
1670 1376 1710 1444 in
1723 1403 1765 1450 eo
1783 1381 1829 1454 sit
1842 1389 2038 1467 urbanitas.

37 1471 147 1554 sulem,
172 1482 208 1540 et
224 1482 277 1540 est
292 1469 524 1560 gratulatoria
540 1483 577 1540 et
596 1465 796 1539 hortatoria
820 1468 858 1538 in
874 1490 1003 1558 genere
1052 1466 1095 1538 ln
1110 1470 1219 1540 altera
1237 1471 1383 1562 exponit
1399 1473 1585 1545 consilium
1600 1501 1716 1563 suum,
1738 1505 1801 1553 cur
1812 1485 1934 1559 relicta
1949 1493 2037 1566 urbe

36 1573 309 1644 demonstrativo.
376 1569 483 1641 Anno
507 1568 932 1664 secundoOlymp.184.
956 1568 1001 1639 ab
1052 1570 1297 1666 Neapolimffl)
1321 1573 1577 1664 commigrare,
1617 1589 1724 1673 atque
1751 1584 1802 1654 ibi
1833 1589 1981 1662 domum
2002 1609 2038 1668 et

37 1677 105 1746 urbe
131 1673 274 1744 condita
296 1673 382 1746 710.
411 1696 507 1742 anno
525 1669 563 1744 5.
593 1684 675 1766 post
702 1686 842 1744 motum
867 1670 1001 1740 bellum
1051 1673 1180 1744 fundos
1196 1696 1313 1742 emere
1329 1674 1555 1766 cogitaverit,
1582 1690 1618 1749 ct
1639 1679 1745 1752 simul
1765 1689 1897 1762 refutat
1919 1696 2038 1767 molli-

38 1775 118 1846 civile
136 1775 174 1848 C.
194 1773 309 1846 lulius
332 1775 462 1846 Cacsar
485 1787 520 1844 et
541 1775 593 1847 M.
614 1774 793 1846 Antonius
813 1773 899 1843 lacti
918 1782 1003 1842 sant
1050 1786 1105 1844 ter
1119 1775 1329 1848 sententiam
1338 1776 1461 1860 Paeti,
1488 1778 1551 1872 qui
1566 1779 1603 1850 id
1619 1780 1833 1868 dissuaserat
1848 1790 2038 1868 vehemen-

37 1880 190 1962 ooosules,
216 1887 254 1946 et
269 1875 413 1964 Caesari
427 1877 593 1948 suffectus
609 1889 662 1948 est
674 1876 716 1960 P.
732 1874 918 1947 Cornelius
926 1871 1000 1946 Do·
1051 1889 1117 1950 ter.
1179 1877 1361 1969 Significat
1388 1891 1507 1950 autem
1539 1880 1579 1949 in
1601 1907 1761 1971 samma,
1798 1915 1835 1962 se
1859 1895 1940 1965 ideo
1960 1922 2036 1970 non

38 1980 150 2050 labella.
205 1978 289 2046 Hoc
308 1999 404 2048 enno
426 1977 556 2068 scripta
578 1991 634 2048 est
654 1974 743 2048 haec
764 1975 932 2069 epistola,
966 1985 1003 2044 et
1051 1978 1455 2070 possediutiusinurbe
1472 1983 1627 2068 versari,
1654 1989 1861 2079 quodnunc
1877 2021 1951 2067 non
1974 2002 2037 2072 ob-

39 2077 91 2150 hoe
115 2105 203 2150 anuo
229 2077 353 2150 ldihns
376 2079 518 2150 Martiis
546 2080 751 2150 interiectus
780 2091 833 2150 est
849 2077 1001 2150 ‚Caesae
1051 2081 1422 2174 fineetiorepublica
1441 2084 1632 2174 pristinum
1653 2087 1784 2164 locum.
1840 2095 2038 2174 Exordium

40 2183 220 2254 Gratulatus
233 2180 347 2272 igitur
365 2181 489 2254 Cicero
501 2180 708 2256 Dolabellae
724 2181 821 2250 illam
836 2177 1001 2270 gloriam,
1052 2181 1211 2252 continet
1225 2183 1343 2254 locum
1358 2185 1626 2258 benevolentiae
1643 2189 1686 2259 de
1711 2217 1774 2264 sua
1791 2197 1975 2273 voluntate
1999 2205 2037 2275 in

42 2285 116 2378 qaod
133 2287 167 2356 iu
188 2283 306 2374 ipsius
330 2284 516 2360 constrictu
537 2283 669 2354 Caesar
702 2282 835 2352 occisus
862 2281 928 2370 sit,
966 2289 1002 2348 et
1051 2285 1321 2375 respondendo,
1353 2299 1475 2380 estque
1497 2289 1686 2380 figuratum
1709 2298 1895 2398 exordium
1919 2305 2049 2376 ἀίω·

42 2385 98 2474 ipse
115 2399 210 2460 autor
233 2384 345 2456 suerit
367 2384 465 2475 pacis
488 2397 523 2455 et
543 2384 812 2477 tranquillitatis
832 2383 871 2450 in
896 2403 1001 2472 rapu·
1051 2385 1210 2460 hutionc.
1239 2451 1244 2462 .
1273 2386 1441 2482 Sequitur
1465 2390 1681 2481 propositio:
1723 2395 1883 2470 Omnino
1912 2419 2037 2478 verum

40 2487 119 2569 blica,
136 2499 168 2556 et
180 2483 353 2558 hortetur
367 2510 462 2570 eum,
486 2499 528 2558 ut
542 2485 649 2558 istum
663 2480 1002 2566 animmnretioeat,
1053 2499 1124 2572 est,
1156 2513 1214 2558 me
1230 2489 1425 2560 admodum
1441 2489 1547 2560 luisse
1561 2492 1751 2566 sollicitum
1764 2499 1808 2568 de
1825 2512 1885 2572 tua
1902 2509 2038 2578 valetu-

41 2601 66 2658 et
76 2589 229 2664 occisores
247 2587 411 2663 Caesaris
429 2599 571 2668 tueatur
586 2600 693 2690 atquc
708 2595 904 2662 conservet.
1053 2588 1147 2660 dine.
1197 2589 1306 2676 Ratio
1321 2589 1594 2692 propositionis:
1630 2594 1725 2688 Quia
1743 2624 1883 2694 semper
1908 2620 1942 2677 ee
1958 2608 2075 2700 plu.-

1052 2691 1184 2761 timum
1200 2692 1330 2766 amavi.
1380 2694 1501 2765 Altera
1519 2690 1612 2764 ratio
1627 2710 1680 2768 cst
1695 2700 1908 2795 amplificata
1933 2711 2039 2778 colla-

937 2841 969 2898 ,
1054 2793 1151 2865 tione
1167 2802 1203 2862 et
1215 2795 1340 2874 censis.
1389 2794 1524 2888 Estque
1540 2791 1626 2866 haec
1640 2823 1797 2874 summa:
1822 2805 1907 2878 Non
1921 2810 2039 2882 solum

119 2891 319 2964 Gratulatio
352 2905 406 2963 est
438 2890 543 2962 initio
575 2891 725 2984 figurata
758 2889 1002 2962 translatione.
1053 2919 1153 2965 ame
1181 2896 1332 2981 amaris,
1364 2901 1427 2968 sed
1458 2898 1565 2968 etiam
1594 2902 1739 2975 cacteris
1769 2928 1806 2975 es
1837 2911 2040 3002 amabilior,
2157 2950 2161 2966 ·

229 1229 369 1303 Aliud
396 1231 785 1331 argumentumffl).

267 2754 402 2828 Aliud
429 2737 756 2848 argumentum.

43 2989 199 3065 Transiert
213 2993 315 3065 enim
331 2993 371 3062 in
386 3017 421 3066 se
443 3006 584 3084 partem
609 2993 751 3063 consilii
774 3004 811 3062 et
829 2978 914 3068 facti
928 2988 1004 3058 Do·
1053 2995 1243 3088 praecipue
1264 3009 1411 3089 propter
1434 2996 1649 3090 singularem
1664 3003 1917 3083 urbanitatem.
1968 3011 2041 3082 De·
2093 3001 2123 3068 .'
2197 3020 2204 3032 '

42 3091 171 3170 [abellae.
224 3093 368 3172 ¹Postea
391 3095 492 3170 addit
515 3094 792 3176 correctionem,
822 3105 1003 3166 sesemen
1053 3100 1136 3168 iudo
1151 3098 1560 3190 sequitursententiade
1575 3105 1733 3175 emendis
1750 3107 1908 3186 aedibus.
1960 3111 2041 3184 Est-

41 3217 131 3288 aeque
153 3199 406 3290 decerptarum
431 3196 568 3290 aliquid
600 3195 764 3268 laudibus
784 3193 1004 3277 Dolabellae,
1054 3225 1123 3295 que
1139 3199 1259 3270 addita
1277 3200 1485 3283 confutatio,
1512 3203 1609 3295 quod
1623 3198 1754 3278 habeat
1766 3204 1872 3298 huius
1885 3211 1941 3284 sui
1958 3237 2041 3286 con·

43 3306 68 3363 ct
88 3299 177 3369 addit
201 3310 456 3390 argumentum
479 3300 524 3368 ab
548 3322 670 3370 amore
694 3322 758 3370 suo
784 3321 865 3388 erga
889 3295 1004 3370 illum.
1054 3303 1124 3374 silii
1137 3314 1250 3374 rectas
1264 3303 1440 3388 rationes,
1467 3326 1578 3397 quare
1595 3306 1715 3399 cupiat
1729 3331 1785 3380 res
1801 3335 1882 3384 suas
1905 3339 2042 3402 omnes,

43 3397 180 3491 Sequitur
197 3402 331 3472 deinde
353 3396 559 3472 adhortatio
580 3425 660 3471 cum
680 3397 877 3472 honorifica
902 3421 1005 3491 prae·
1056 3404 1297 3501 quasRomae
1319 3402 1469 3489 habeat,
1496 3409 1661 3480 vendere.
1723 3409 1911 3486 Conclusio
1934 3413 2043 3490 habet

42 3499 310 3587 dicationeiacti,
336 3503 538 3576 videliceta
562 3505 633 3572 fine
657 3515 693 3573 et
715 3527 736 3572 a
761 3501 923 3572 consilio.
971 3497 1010 3592 A,
1056 3506 1313 3600 expositionem
1327 3533 1411 3580 suae
1426 3508 1641 3593 sententiae,
1668 3511 1754 3605 quid
1769 3537 1874 3612 agere
1897 3520 2041 3595 tandem

42 3600 112 3686 ine,
134 3607 228 3698 quod
245 3629 320 3676 non
335 3605 483 3675 summis
497 3617 658 3689 tantum,
692 3606 754 3676 sed
774 3603 906 3674 intimis
927 3600 1007 3695 qui·
1058 3607 1290 3680 constituerit,

42 3701 153 3798 basque
170 3705 242 3778 hoc
263 3709 397 3778 farctum
418 3707 602 3800 probetur.
653 3705 876 3788 Aconsilio‚
908 3705 1006 3796 quod
1365 3773 1374 3790 ‚

42 3826 98 3876 aaa
111 3820 238 3884 temere
255 3820 318 3883 aut
331 3831 431 3892 casu,
456 3811 518 3882 sed
534 3808 694 3884 consulto
710 3829 787 3877 rem
807 3803 1006 3900 perfecerit.
1249 3909 1252 3914 μ
1301 3769 1440 3846 Alffld
1474 3799 1553 3868 ³13
1560 3791 1803 3853 umentum·

867 3975 871 3984 ,
1159 3905 1401 4001 Responseria
1418 3921 1469 3979 est
1484 3911 1630 3981 adduas
1647 3913 1813 4008 epistolas
1827 3913 1983 4009 Papirii,
2010 3933 2046 3992 et

196 3991 387 4072 S⁶l¹⁰li³
413 3996 459 4066 5¹¹
486 3994 733 4089 ePl⁸i⁰li²m
758 3989 835 4070 XV·
1059 4021 1197 4086 constat
1220 4011 1357 4082 duabus
1380 4011 1562 4103 partibus,
1598 4014 1762 4086 videlicet
1787 4041 1897 4112 quare
1927 4029 2045 4091 tanto-

124 4140 155 4233 §.
172 4147 205 4217 1·
238 4152 286 4218 D·
321 4150 381 4218 gu,
402 4151 471 4218 fug,
492 4140 660 4242 mogh]
685 4140 909 4235 propositio,
939 4137 1010 4210 Fui
1058 4113 1266 4206 pereiuerit
1284 4113 1453 4184 sollicitus
1475 4138 1543 4206 pro
1566 4115 1768 4186 valetudine
1783 4117 1940 4210 Papirii,
1968 4124 2047 4216 qui·

46 4241 192 4317 sollicitus
205 4235 250 4318 de
265 4166 327 4317 iil
345 4249 560 4318 valetudine.
611 4245 738 4316 Ratio:
759 4235 868 4336 'Quia
892 4253 927 4312 te
950 4265 1010 4312 ve·
1058 4219 1125 4287 ¹³⁰⁸
1148 4215 1401 4333 ‘andimus
1424 4229 1459 4284 ‘i
1485 4215 1952 4333 ffdd⁰⁰l⁰⁸‚N⁰f¹P⁰lll2¹¹³m
1982 4225 2045 4294 ‘¹⁰‘
2110 4253 2112 4258 ’

46 4335 206 4418 hemme,
230 4373 325 4422 amo·
408 4355 500 4422 Nam
523 4353 608 4446 quod
627 4372 679 4418 m,
700 4342 814 4444 amm]
847 4344 1009 4416 secunda
1060 4341 1158 4388 mum
1175 4330 1311 4388 emerrt.
1362 4317 1559 4388 Exordium
1575 4329 1727 4388 sumatur
1747 4343 1767 4388 a
1791 4321 1872 4392 loco
1892 4323 2047 4392 laerrevo²

46 4446 119 4518 mio
137 4450 311 4544 eleganter
325 4452 538 4545 amplificam
554 4463 607 4520 es,
620 4448 809 4520 copatione
825 4459 859 4516 et
879 4446 1009 4526 causi„
1060 4421 1190 4492 lentiac
1220 4422 1264 4490 de
1294 4443 1357 4490 saa
1377 4419 1561 4492 voluntate
1586 4418 1624 4488 in
1645 4423 1896 4514 respondendo
1920 4424 2048 4497 litteris

47 4541 239 4623 Noasolum
253 4577 442 4639 meamne,
467 4553 658 4626 sedetiam
684 4550 831 4620 caeteris
855 4573 891 4619 es
914 4572 1011 4619 ama-

47 4644 152 4738 bilior,
189 4655 379 4756 praecipue
408 4667 556 4756 propter
584 4653 799 4746 singularem
827 4651 1012 4730 urbanita-
1095 4663 1749 4738 assantes]stanam.tssr-1sas.‚1ss4,‚
1769 4672 1860 4740 raaz,
1879 4675 1973 4744 totas
1995 4679 2047 4731 st.

49 4758 116 4824 ²²³¹·
162 4755 278 4856 Atque
294 4753 612 4830 hl⁰i⁰¹¹¹¹¹¹⁰²³¹⁰²
634 4757 673 4828 5¹¹
692 4743 930 4848 del⁰⁸ipfi⁰¹¹²
952 4775 1013 4832 ω’
1096 4736 1332 4882 κζᾝΐῗιὲ
1354 4833 1415 4872 cum
1457 4823 1613 4874 esemona
1636 4823 1665 4876 n
1687 4825 1764 4877 neta
1796 4827 1863 4880 assa
1921 4833 1988 4884 iseo
2020 4832 2050 4884 n

51 4847 209 4931 imitatis.
1131 4899 1211 4944 noem
1230 4887 1270 4937 sic
1287 4889 1431 4941 contracte
1438 4836 1505 4942 ¹ist:
1527 4894 1611 4955 Quod
1627 4897 1725 4948 ratem
1741 4863 1969 4962 alterosdttere
1985 4872 2052 4965 pars

135 4954 165 5049 ᾗ.
179 4961 214 5032 5·
236 4965 329 5062 9υαί
345 4975 457 5036 amem
480 4957 608 5058 anm]
634 4957 757 5028 Aptera
779 4981 863 5050 Pus
884 4955 1013 5048 episto.
1131 4980 1167 4996 ·-
1183 4956 1304 5008 cedibus.
1341 4957 1517 5024 coniuratio,
1535 4973 1591 5011 non
1607 4986 1644 5000 ·-
1660 4965 1790 5016 vendere.

52 5048 94 5123 ¹³⁹
120 5082 247 5142 novam
274 5057 416 5142 callim
448 5058 556 5142 habel
587 5065 631 5133 de
665 5061 824 5134 ‘mendi'
856 5058 1013 5130 aedibus·
1097 5040 1595 5174 95cicillrotehiinissi'erliieesticliraiiiiiiti
1617 5047 1981 5171 bbdssitdfiiiibdbib.mm
1997 5054 2051 5105 “-

54 5206 235 5242 -ᾕ,
614 5197 616 5202 ·
1098 5197 1146 5258 96)
1165 5197 1223 5246 lton
1240 5196 1428 5259 argumentum
1448 5197 1476 5246 et
1493 5196 1545 5248 dua
1563 5201 1706 5262 sequentis
1721 5202 1756 5252 ab
1773 5202 1857 5260 anst.
1870 5203 1963 5271 tate„
1984 5207 2052 5262 {³⁶5

80 5287 393 5418 ”lffifffmm
418 5301 445 5350 et
471 5309 588 5364 muers
610 5262 739 5352 am
760 5291 946 5422 wsstttt.
968 5287 1015 5343 tn·
1099 5263 1486 5415 ῃῖέξὲξοιᾞὴέἒωῖω
1504 5349 1647 5414 moun·

71 5437 233 5514 littam.
252 5449 358 5522 Orno.
382 5451 468 5518 Voa.
490 5453 598 5517 XVll.
884 5505 892 5522 .
1359 5481 1367 5489 ’
1429 5421 1480 5491 ²⁰
1520 5431 1528 5453 ⁰
