4624 5792
44 232 104 314 ild
148 227 292 306 xxxm
307 233 344 306 8.
383 227 788 321 lN'l'EltPllll'l'h'l'lQ
812 225 1077 310 matronis
1099 225 1447 306 onvurfflacass
1468 226 1527 304 lll.
1553 228 1910 313 DEMOSTHENIS.
1972 236 2049 318 tas

43 406 128 482 uobis
140 405 245 476 modo
257 399 448 496 Philippos
460 405 606 478 ficeret.
654 403 790 476 Verum
808 403 1002 495 praeterite
1055 415 1122 476 nat
1136 403 1201 487 iis,
1227 401 1289 498 qui
1304 402 1443 476 delectu
1457 397 1582 477 habito
1597 403 1764 476 militiam
1779 406 1995 497 ἀειιεειεει,
2011 427 2047 486 ει
2122 468 2124 472 .

41 505 228 602 reprehendi
246 511 418 600 possunt,
459 507 592 601 corrigi
614 533 690 580 non
712 520 874 600 possunt.
934 507 1004 578 Sed
1056 505 1192 578 civibus
1208 505 1486 600 obsequentibus
1508 507 1739 581 formidinem
1759 509 1960 598 incutiunt,
1980 510 2046 590 has
2107 567 2110 574 ·

40 637 104 684 cum
123 635 252 682 novum
272 609 406 680 bellum
429 611 685 703 suscipiamus,
720 611 1004 682 commonendos
1054 607 1500 700 legesubiebrogaveritis,
1515 622 1552 680 ct
1566 610 1661 680 viam
1677 611 1769 682 bene
1783 615 2050 692 consulentibus

41 739 92 785 vos
115 712 213 797 duxi,
253 711 380 808 quanti
410 713 609 785 constiterit
642 727 748 786 antea
784 713 887 786 vobis
919 735 1004 783 con·
1055 710 1278 794 munieritis,
1301 723 1377 782 turn
1392 712 1538 784 demum
1553 717 1782 807 quaerendus
1799 730 1869 802 est,
1895 719 2050 813 quino·

41 829 174 908 tcmptus
202 811 338 900 hostis,
375 839 421 885 ne
450 839 575 889 rursus
603 817 760 890 desimus
790 816 860 909 ipsi
886 815 1004 889 nobis.
1056 839 1139 884 vam
1156 813 1381 905 rogationem
1397 815 1601 906 depecunia
1616 818 1721 901 serat,
1738 842 1831 912 quae
1845 820 1892 891 sit
1909 845 1928 890 ε
1943 845 2051 917 repu-

39 919 209 1014 Quomodo
224 917 427 1010 igitnrsoro
451 921 625 990 utendum
642 919 719 992 est?
757 917 838 992 Nisi
854 918 1004 990 summis
1054 917 1161 990 blica.
1211 914 1351 987 Interea
1375 917 1461 988 dum
1485 917 1622 1009 integra
1638 932 1692 990 εει
1703 917 1834 992 harum
1849 923 1969 1016 legum
1985 951 2050 998 au·

38 1022 152 1094 viribus
170 1045 275 1114 opem
299 1019 452 1095 tuleritis
467 1021 538 1116 ³⁸),
569 1022 736 1096 videbitis
750 1046 793 1093 ex
809 1023 1001 1094 commodo
1054 1019 1214 1102 toritas,
1227 1032 1264 1088 et
1279 1020 1365 1091 dum
1383 1018 1570 1092 minantur
1584 1043 1739 1113 poenam
1760 1024 1940 1098 diversum
1962 1052 2049 1100 con·

36 1119 173 1216 Philippi
185 1125 317 1198 bellum
335 1135 537 1217 susceptum
555 1149 641 1198 esse.
692 1125 786 1200 Nam
804 1124 1002 1196 mediocres
1054 1119 1204 1206 solenti,
1233 1145 1310 1194 uon
1334 1134 1387 1193 εει
1413 1125 1673 1214 expectandum
1704 1127 1782 1197 lore
1811 1153 2047 1224 quemquam,

37 1223 386 1320 erantOlynthiornm
404 1227 519 1313 vires,
545 1243 693 1324 eratque
711 1251 754 1298 eo
773 1227 845 1298 loci
866 1221 936 1312 res,
962 1238 1003 1298 ut
1054 1227 1116 1318 qui
1140 1225 1287 1297 liberius
1314 1225 1411 1294 dicat
1433 1228 1671 1311 sententiam,
1711 1253 1820 1323 seque
1845 1231 2047 1304 incertum
2114 1225 2120 1234 ’

35 1353 87 1398 nec
94 1325 274 1423 Philippus
290 1325 358 1404 hos
375 1329 562 1404 invaderet
569 1331 631 1432 ‘'),
651 1355 716 1402 nec
732 1327 1001 1424 hiPhilippum.
1054 1325 1200 1398 esitium
1217 1328 1449 1422 praecipitet,
1475 1330 1631 1400 maxime
1654 1355 1735 1402 cum
1758 1356 1824 1402 sero
1840 1335 1936 1404 malo
1954 1333 2048 1408 nihil

33 1431 120 1502 lacta
143 1444 193 1503 cst
214 1433 343 1506 deinde
367 1446 403 1502 et
432 1447 638 1508 nostrarum
672 1433 804 1504 viritem
835 1433 1002 1518 accessio,
1052 1443 1286 1523 promoveat,
1311 1443 1433 1502 tamen
1456 1431 1569 1504 immo
1594 1435 1632 1506 in
1652 1446 1838 1526 posterum
1862 1436 1969 1508 etiam
1985 1441 2047 1510 de-

35 1560 66 1606 ea
84 1559 141 1606 res
155 1536 360 1630 scrupulum
387 1535 512 1608 iniecit
531 1534 723 1631 Philippo,
755 1562 835 1609 cum
863 1537 1002 1606 videret
1053 1545 1188 1605 terreat
1200 1557 1263 1604 sue
1281 1556 1399 1625 poena
1416 1534 1528 1620 alios,
1554 1559 1599 1606 ne
1616 1537 1696 1630 quis
1714 1537 1861 1609 liberius
1882 1542 2048 1614 consulat

34 1638 132 1708 alieno
153 1651 315 1732 tempore
343 1652 530 1732 potentem
554 1643 680 1714 urbem
706 1639 893 1711 nobiscnm
916 1663 1001 1710 con·
1053 1635 1167 1708 vobis.
1218 1635 1336 1708 Porro
1352 1639 1496 1710 eosdem
1516 1639 1692 1730 abrogare
1709 1640 1824 1732 legem
1842 1645 2047 1734 oportebat,

32 1741 187 1825 iunctam,
212 1743 347 1814 bellum
367 1743 437 1815 sihi
459 1743 603 1818 inferre.
663 1743 911 1814 Sentiebamus
934 1741 1001 1812 ita-
1053 1740 1398 1833 qttiasslealuleret
1423 1742 1661 1837 nequeenim
1687 1765 1844 1838 aequum
1865 1758 1937 1832 etl,
1963 1772 2046 1820 cum

32 1845 261 1938 queomnibus
276 1847 394 1917 modis
409 1841 604 1940 Olynthios
619 1847 748 1919 debere
769 1846 904 1918 bellurn
925 1870 1000 1918 sus·
1052 1839 1204 1932 gratiam
1227 1841 1486 1929 lucrifecerim,
1524 1857 1630 1916 &⁰¹²³
1660 1846 1777 1940 lesum
1806 1857 1951 1921 ΰῦῑθῐθῦ
1980 1875 2047 1942 pll-

31 1947 143 2040 n‘pere,
168 1960 203 2021 et
217 1949 320 2044 quod
334 1939 441 2043 vulgo
459 1950 639 2042 optabatis
654 1949 832 2033 universi,
864 1949 901 2022 id
925 1948 1000 2019 fere
1051 1943 1145 2014 blico
1161 1945 1279 2030 malm
1305 1969 1401 2017 nunc
1416 1947 1506 2018 alios
1524 1946 1667 2040 publico
1681 1949 1778 2019 bono
1801 1949 2041 2024 infortunium
2060 2011 2068 2017 .

30 2051 144 2124 accidit.
187 2052 350 2124 Proinde
367 2054 453 2148 quid
468 2053 650 2148 reliquum
672 2054 739 2139 sit,
765 2052 836 2123 nisi
857 2075 997 2124 summa
1050 2047 1157 2120 ferre.
1222 2047 1439 2144 Priusquam
1471 2071 1558 2120 vero
1587 2051 1681 2143 leges
1704 2051 1786 2120 illac
1813 2051 2046 2147 abrogentur.

30 2167 297 2249 opeetproperc
314 2155 506 2248 opitulari,
532 2180 608 2228 non
622 2157 740 2226 video.
786 2157 878 2232 Nam
896 2178 998 2248 prae·
1051 2173 1161 2220 nemo
1183 2162 1255 2234 est,
1296 2153 1359 2246 qui
1381 2153 1528 2246 impune
1558 2154 1696 2226 laturus
1725 2153 1792 2239 sit,
1830 2155 1861 2226 si
1886 2157 1926 2227 in
1949 2159 2045 2252 leges

29 2266 167 2352 terquam
207 2262 310 2354 quod
340 2258 587 2352 turpissimum
617 2271 671 2332 est
698 2258 755 2356 ⁸⁷)
795 2260 999 2354 relinquere
1052 2251 1292 2338 commiserit,
1319 2277 1436 2349 neque
1458 2279 1582 2326 rursus
1609 2257 1801 2351 quisquam
1823 2269 1897 2329 tam
1920 2287 2045 2334 amens

28 2359 179 2447 fabulam,
223 2387 336 2458 quam
360 2362 522 2455 coeperis
544 2361 614 2461 ⁸⁸),
638 2361 906 2457 imperfectam,
946 2360 999 2431 vl·
1049 2355 1181 2438 fuetll,
1220 2369 1262 2428 ut
1285 2355 1322 2426 ln
1346 2371 1483 2430 cerium
1513 2383 1550 2430 se
1577 2359 1772 2430 (llsct'lmen
1792 2362 1960 2433 conllclal
1982 2363 2044 2457 ιο).

28 2461 82 2530 deo
104 2464 227 2549 edam,
265 2465 354 2561 quid
388 2465 476 2535 mali
508 2465 733 2559 impendeat,
767 2491 848 2538 cum
874 2467 925 2538 sio
948 2464 999 2534 af·
1050 2455 1125 2528 lam
1150 2453 1220 2530 hoc
1241 2459 1350 2530 etiam
1376 2462 1575 2554 expendere
1603 2461 1759 2546 debetis,
1784 2461 1927 2535 decreta
1949 2462 2044 2536 nihil

26 2565 91 2636 lecti
109 2569 176 2640 sint
197 2591 284 2661 erga
310 2593 375 2639 vos
398 2564 584 2655 Thebani,
618 2582 653 2639 et
674 2564 916 2641 Phocensium
942 2591 1000 2640 res
1050 2563 1221 2654 ponderis
1252 2558 1406 2650 habere,
1436 2563 1507 2637 nisi
1535 2565 1590 2636 rei
1616 2587 1764 2636 manum
1798 2569 2044 2642 admoventia

28 2669 139 2744 accisae
170 2672 264 2757 sint,
306 2696 423 2768 neque
455 2672 597 2744 obstare
613 2667 783 2766 Philippo
807 2673 999 2768 quisquam
1050 2665 1143 2737 Nam
1167 2665 1199 2738 si
1221 2667 1363 2739 decreta
1390 2668 1447 2740 vel
1480 2680 1649 2760 cogerent
1677 2693 1741 2740 vos
1767 2667 1813 2736 ad
1836 2671 2043 2745 faciendum

27 2788 187 2864 praeterea
223 2775 364 2870 possit,
405 2775 470 2846 ubi
502 2772 659 2847 Thracia
701 2777 837 2868 potitus
872 2775 999 2857 luerit;
1051 2766 1207 2854 officium
1231 2782 1408 2852 veslfflmt
1433 2772 1489 2841 vel
1512 2795 1576 2864 per
1597 2794 1673 2846 sese
1694 2771 1895 2859 efficerent,
1929 2775 2043 2868 pluri-

27 2889 67 2948 «ιι
87 2879 175 2950 enim
200 2879 425 2973 periculum,
459 2903 507 2948 ne
532 2881 579 2950 ad
604 2877 706 2950 illum
728 2879 902 2950 inclinent
929 2902 998 2950 rea,
1050 2895 1151 2941 mum
1169 2885 1263 2944 certe
1278 2873 1480 2946 effecissctis
1494 2868 1668 2947 hactenus
1686 2885 1740 2944 tot
1753 2875 1904 2950 decretis
1925 2878 2041 2962 saetis,

25 2981 117 3075 Aequi
135 2984 164 3056 ,j
187 2983 272 3080 qui,
294 2982 358 3051 tali
383 3006 505 3053 mum
532 2995 627 3053 statu
652 2994 820 3054 comatur
841 2981 995 3052 officium
1049 2997 1116 3044 nec
1131 2987 1204 3044 tam
1219 2975 1283 3046 diu
1298 2976 1488 3048 insultaret
1502 2972 1824 3069 vobis-Philippum
1858 2980 1930 3050 iam
1953 2981 2042 3052 olim
2095 3010 2099 3029 ‘

26 3083 142 3170 facere,
186 3086 218 3159 i,
260 3079 400 3157 hostem
439 3085 579 3156 mavult
618 3086 766 3155 domum
806 3108 998 3170 accersere,
1050 3076 1147 3146 enim
1161 3078 1311 3150 obrutus
1330 3093 1422 3152 esset
1437 3078 1599 3151 decretis.
1649 3077 1786 3150 Verum
1807 3083 1915 3176 louge
1938 3085 2043 3155 aliter

27 3211 115 3280 quam
145 3189 236 3260 loris
269 3187 415 3276 audire,
448 3201 484 3258 et
517 3187 632 3260 socios
666 3211 751 3258 suae
784 3187 997 3278 calamitatis
1049 3203 1157 3252 resse
1173 3177 1300 3264 habet,
1336 3205 1558 3276 quamquam
1583 3181 1679 3252 enlm
1696 3187 1901 3258 ⁰⁰¹¹⁵¹¹ll³re
1919 3211 1961 3257 ³0
1980 3189 2041 3258 de·

24 3313 109 3364 causa
127 3314 322 3388 quaerere,
349 3315 429 3361 cnm
444 3290 525 3364 aliis
538 3315 643 3386 opem
660 3293 755 3362 ferre
769 3290 858 3362 loris
873 3290 997 3384 possit.
1049 3307 1194 3356 cernere
1219 3284 1356 3378 prim-²⁸
1377 3281 1554 3369 habeam,
1583 3285 1614 3356 Sl
1637 3285 1718 3380 ‘1⁰5⁵
1740 3288 1906 3361 ⁰rdinem
1925 3291 2040 3364 conti·

21 3389 97 3464 Nam
120 3397 220 3490 quod
243 3419 286 3466 eo
309 3406 444 3488 spectet
464 3419 541 3482 res,
569 3394 599 3466 si
614 3394 869 3486 inpraesentia
885 3419 997 3466 cessa-
1049 3387 1172 3474 dfflle
1198 3400 1320 3460 lflmess
1343 3389 1449 3481 l0¹¹8⁸
1470 3388 1550 3481 ΡῙω
1572 3388 1748 3460 ¹¹¹⁰¹¹¹²¹¹¹l
1769 3405 1823 3462 ⁸⁸²
1836 3393 1874 3462 5¹¹
1888 3395 2042 3486 ³8⁰⁰d⁰2

21 3507 83 3568 tum
104 3500 233 3583 suerit,
264 3497 402 3568 nemini
425 3499 615 3570 obscurum
638 3510 701 3570 est,
752 3498 802 3568 At
816 3497 996 3592 plerisque
1048 3489 1086 3559 id
1101 3515 1190 3564 vero
1204 3492 1442 3577 desideratur,
1458 3491 1596 3586 reliqua
1613 3494 1745 3564 adsunt
1759 3493 1914 3568 abunde.
1949 3497 2042 3570 Sunt

21 3599 150 3676 sortasse
181 3603 361 3696 probatur
393 3601 583 3673 consilium
617 3601 663 3670 de
689 3601 856 3672 iuvandis
883 3601 997 3694 Olyn-
1049 3593 1146 3662 enim
1171 3595 1267 3685 apud
1291 3618 1376 3678 vos,
1402 3595 1466 3688 qui
1482 3594 1667 3664 consulere
1682 3593 1878 3668 rectissime
1895 3612 2044 3692 queant,

20 3697 108 3791 thiis,
132 3719 186 3777 est
202 3705 312 3790 enimi
331 3704 513 3776 decretum
536 3728 576 3774 ea
600 3704 643 3773 de
665 3727 706 3774 re
731 3704 877 3776 sactum.
927 3701 997 3772 Ve.
1047 3717 1166 3788 neque
1188 3699 1288 3768 deest
1306 3695 1409 3768 vobis
1434 3697 1472 3765 in
1498 3697 1637 3766 delectu
1660 3695 1859 3790 acrimonia
1887 3713 1923 3771 et
1949 3702 2043 3773 iudi·

19 3831 86 3876 rum
117 3809 306 3906 requirent
336 3831 357 3878 a
393 3831 469 3891 me,
506 3809 689 3903 quomodo
724 3805 763 3875 id
796 3803 995 3878 existimem
1049 3797 1157 3870 cium.
1223 3795 1298 3868 lam
1321 3799 1429 3869 etiam
1457 3799 1577 3869 oblata
1602 3811 1655 3868 est
1675 3798 1768 3868 bene
1790 3804 1966 3894 gerendae
1988 3805 2043 3876 rei

17 3911 81 3979 fieti
103 3915 234 3986 debere
255 3911 316 4010 ιε),
375 3911 503 4004 Aequo
538 3909 661 3979 animo
688 3909 857 4002 accipite,
890 3908 996 3995 cives,
1049 3899 1206 3972 occassio
1216 3901 1284 3999 ⁴¹),
1310 3901 1380 3974 nisi
1395 3900 1465 3994 ipsi
1481 3901 1583 3972 vobis
1601 3901 1796 3978 defueritis.
1830 3905 1940 4002 Quod
1954 3910 2041 3980 cedo

16 4014 41 4082 si
59 4017 139 4110 quid
156 4015 283 4087 dixero
307 4014 451 4098 durius,
477 4013 730 4104 legumlatores
755 4024 894 4095 create,
920 4035 996 4082 non
1048 4014 1209 4096 lempms
1242 4029 1352 4098 quam
1377 4006 1601 4076 ⁰⁶⁰³⁸l⁰¹¹0¹1¹
1624 4004 1810 4078 melifflm
1833 4010 2043 4105 requiritis?

16 4119 232 4214 novaelegis
259 4116 408 4191 alicuius
434 4117 601 4188 serendae
627 4116 759 4210 gratim
789 4115 875 4186 satis
899 4115 995 4186 enim
1048 4117 1111 4177 aul
1145 4109 1292 4202 quando
1324 4131 1405 4202 spes
1439 4121 1492 4181 cst
1523 4109 1592 4180 rite
1616 4109 1753 4204 aliquid
1777 4113 1960 4184 facturos?
2003 4113 2043 4185 Si

15 4219 118 4314 legum
143 4220 255 4295 habet
280 4219 422 4300 civitam
452 4221 514 4292 sed
538 4232 579 4290 nt
600 4218 876 4311 abrogetiscas,
903 4243 995 4316 quae
1047 4211 1158 4281 modo
1175 4223 1349 4282 cessatum
1365 4212 1486 4296 fuerit,
1501 4235 1624 4281 nonne
1641 4211 1775 4305 oppida
1787 4215 2040 4311 praesidiaque

16 4325 267 4418 inpraesentia
293 4323 455 4394 officiunt
477 4323 717 4416 reipublicae,
737 4373 751 4402 .
766 4347 897 4417 nempe
924 4347 996 4410 eas,
1047 4326 1166 4385 vestra
1191 4314 1381 4408 intercepit
1410 4315 1532 4384 ⁰¹¹¹1¹l³
1555 4310 1765 4408 Philippu&
1807 4320 1906 4414 qu0d
1927 4321 1958 4392 si
1982 4344 2041 4390 θι-

16 4453 96 4520 quae
118 4433 162 4502 de
187 4425 355 4502 theatrali
377 4425 527 4520 pecunia
550 4428 714 4498 conditae
745 4439 850 4510 sunt,
890 4427 995 4496 etde
1047 4429 1250 4510 Fecimus,
1277 4418 1362 4489 dum
1386 4418 1426 4486 ln
1452 4418 1608 4488 Atticam
1632 4420 1850 4510 Pelffieflls
1885 4436 2043 4494 extrema

14 4533 139 4604 delectu
153 4534 324 4603 militnm.
377 4531 470 4603 Nam
488 4531 598 4599 altera
613 4530 670 4600 lex
694 4554 737 4598 ex
759 4530 992 4622 stipendiaria
1047 4519 1215 4612 pellenda
1252 4533 1370 4594 erum·
1428 4519 1558 4594 Nonne
1592 4522 1699 4592 fldem
1731 4524 1894 4596 dedimus
1928 4526 2042 4622 Olyn-

13 4639 152 4724 pecunia
171 4633 383 4706 theatralem
400 4632 501 4718 fecit,
528 4633 639 4702 altera
663 4633 914 4725 impunitatem
931 4634 995 4702 do·
1047 4617 1131 4694 [hiis
1146 4623 1214 4719 ⁴⁸),
1240 4623 1419 4695 fibellum
1436 4623 1629 4710 inferrent,
1655 4648 1722 4696 ¹¹⁰⁵
1746 4627 1879 4698 ³¹1¹ffi0
1900 4631 2043 4701 futuros

741 4763 745 4769 »
1047 4749 1140 4806 εεεε;
1167 4738 1204 4795 at
1220 4721 1276 4796 his
1290 4726 1423 4798 bellum
1442 4727 1514 4796 iam
1539 4727 1680 4798 illatum
1703 4741 1766 4801 est.
1818 4729 1948 4804 Nonne
1973 4729 2040 4802 ho-

1047 4827 1109 4898 stis
1134 4840 1186 4900 est
1208 4826 1416 4923 Philippus,
1441 4855 1563 4900 nonne
1585 4843 1703 4900 vestra
1726 4833 1836 4906 armis
1861 4849 1962 4930 capta
1990 4850 2040 4905 te-

985 4939 994 4974 ’
1046 4929 1132 5000 net?
1172 4931 1323 5018 Nonne,
1365 4933 1396 5003 si
1420 4934 1509 5028 quid
1530 4928 1695 5006 hostilius
1720 4948 1783 5007 aut
1803 4939 1938 5010 tristius
1971 4937 2042 5006 dici

15 4807 211 4826 -υ-ι--ι--ι-σ

41 4907 85 4968 ιι)
112 4910 146 4961 ιι.
167 4909 186 4959 1.
204 4907 232 4959 to
249 4906 300 4957 ιιι.
319 4906 427 4970 nagan
446 4916 470 4957 e.
487 4912 513 4957 e.
532 4906 601 4956 note
616 4901 797 4968 marginatis:
821 4902 982 4970 Proposttto

73 4991 108 5029 nc
124 4977 290 5030 deserentur
308 4972 444 5038 otmutt.

40 5061 85 5122 ³6)
102 5063 262 5123 tunderet]
280 5059 366 5112 natet.
384 5061 491 5126 liugan
508 5072 531 5112 e.
550 5071 594 5126 u,
614 5057 690 5111 tm.
708 5059 851 5113 invadere.

40 5145 415 5282 niussrlitlinffoffiff'
434 5158 458 5196 ⁸'
475 5156 503 5199 ι’
522 5147 588 5196 nm
605 5146 741 5212 mm*
773 5147 994 5200 ⁰⁰¹¹flm⁸t¹⁰⁸
1080 5185 1266 5308 wibsnuriltsi?
1283 5185 1335 5240 Ed.
1351 5185 1459 5250 negem
1479 5199 1504 5240 s.
1522 5197 1548 5238 s.
1566 5189 1633 5240 note
1651 5189 1984 5255 muneremunere·
2003 5192 2039 5241 ab

43 5325 88 5388 ιι)
106 5327 248 5391 cureris]
267 5325 309 5378 ιιι
324 5324 375 5378 1⁴¹·
390 5323 482 5389 Me
500 5324 550 5376 1⁶·
569 5325 676 5389 uem.
694 5339 722 5378 ε·
737 5334 764 5376 ⁸³
782 5325 900 5391 reperte
1079 5343 1129 5400 er)
1147 5343 1182 5392 n.
1200 5342 1221 5395 r.
1240 5341 1267 5392 re
1287 5341 1336 5396 nr.
1352 5341 1460 5406 nque.
1479 5357 1504 5396 ι.
1519 5354 1546 5397 ι.
1565 5347 1632 5398 nou
1648 5345 1781 5411 norun
1804 5348 1846 5397 aa
1863 5347 2021 5398 cnutone.

41 5431 86 5489 tt)
104 5433 136 5483 u.
157 5433 175 5483 1.
194 5431 221 5482 ιιι
238 5429 288 5482 re.
307 5431 414 5493 ιιεςειι.
432 5441 457 5479 s.
475 5437 501 5478 ι.
520 5431 588 5479 note
603 5427 741 5494 metune
769 5430 910 5492 Quomodo
934 5429 991 5480 etet
1094 5429 1142 5488 42)
1173 5429 1207 5478 Η.
1232 5429 1250 5481 1.
1275 5429 1303 5477 ιιι
1331 5429 1381 5478 Ed.
1400 5431 1508 5493 flegun.
1536 5445 1559 5481 ι.
1587 5443 1613 5483 ι.
1639 5437 1706 5482 note
1735 5433 1852 5501 mergtn.
1876 5435 2039 5499 suggeret

72 5502 196 5568 terendi,
214 5500 287 5550 unde
304 5495 420 5561 peccota
438 5497 565 5559 petenda.
1113 5497 1239 5550 outtectls
1261 5499 1388 5549 omutbos
1406 5500 1586 5564 ugernentts.
