4582 5798
231 202 331 294 sou
534 218 539 228 ·
808 185 2034 288 mammaemammaw'w
2149 208 2216 294 tou

338 383 396 458 Sic
408 395 523 458 etnos
535 395 573 458 et
587 381 650 454 alii
665 383 818 478 imperis
837 383 1125 481 acquisiverunt,
1151 407 1232 456 cae·
1281 406 1342 458 sus
1364 383 1545 470 ciuitates,
1570 393 1756 481 quantoru-
1770 393 1837 474 ego
1857 379 1990 466 ando,
2011 382 2159 476 mipace,
2176 411 2218 460 nee

236 488 323 562 teris
338 487 502 560 celeriter
515 509 623 581 opem
646 487 809 560 serendo.
860 487 899 562 Si
921 489 1019 560 enirn
1044 502 1108 562 aot
1130 487 1232 586 quie·
1281 487 1377 560 inter
1390 507 1428 561 sc
1442 487 1625 574 nrbulltas,
1644 495 1717 558 net
1733 484 1942 556 marmore
1963 485 2144 578 indigentes
2159 488 2219 563 eiu

237 603 397 678 merem,
430 603 494 664 aut
515 603 602 662 tunc
622 589 883 685 disputationes
905 605 1115 679 mouerent,
1146 612 1228 663 com
1281 589 1395 677 modi,
1415 605 1486 690 qua
1502 589 1584 688 qois
1598 611 1642 662 ex
1655 589 1812 661 violentt
1825 583 2127 663 emtum-latens
2143 603 2220 666 uum

234 689 437 768 mats
452 705 506 766 est
519 693 701 779 defensio,
724 693 833 766 etism
850 709 934 766 ante
948 707 1053 790 perta
1067 693 1232 790 potentia
1282 707 1343 766 eat
1355 693 1395 764 in
1408 693 1630 778 faciliorem,
1655 709 1723 766 nec
1736 697 1955 786 ›msptmsu
1975 699 2127 766 nmmos
2145 695 2220 788 iope·

238 798 310 872 tito
334 793 570 870 amitteretur.
617 793 715 870 Eum
738 797 857 884 enim,
889 799 952 896 qui
974 798 1111 872 viribus
1131 807 1233 869 eute-
1283 796 1379 868 mum
1394 815 1462 890 pro
1477 816 1541 870 sua
1554 797 1741 882 libertate,
1765 803 1811 868 ot
1829 801 2100 868 conredtaneum
2112 807 2168 882 tet,
2181 799 2220 869 de

238 899 352 986 cellit,
375 920 452 972 nor
467 901 584 973 solum
600 911 686 972 tone
702 900 896 994 reprimas,
919 913 1113 998 postquam
1130 901 1234 995 prior
1283 899 1396 996 nique
1427 901 1599 973 adversus
1630 901 1763 972 munitas
1795 899 1834 988 ln
1866 918 1939 972 unta
1971 899 2085 972 instuit
2111 899 2220 972 cistas

110 997 119 1012 ’
238 1003 362 1076 insutu
379 1005 534 1088 bellurn,
557 1004 619 1076 sed
642 1003 752 1076 etiam
775 1014 979 1077 antevertas
1000 1017 1163 1098 oportet,
1185 1023 1233 1074 ne
1285 1003 1454 1075 Graecas.
1494 1002 1590 1078 Nam
1605 1015 1750 1098 praeter
1760 1001 1904 1078 Nasum
1920 1003 2223 1099 &canumque

238 1105 400 1179 munau.
456 1105 533 1181 Nec
567 1129 653 1177 vero
687 1105 793 1178 nobis
819 1131 993 1201 seponere
1016 1107 1099 1180 licet
1129 1105 1234 1204 quari
1285 1121 1391 1200 tpero
1407 1106 1453 1176 ad
1469 1115 1538 1180 ttius
1552 1109 1754 1180 acctsroias
1768 1129 1844 1178 esse
1857 1106 2222 1218 ptlopterpognstionen

239 1221 354 1282 metas
369 1209 534 1303 imperii,
557 1211 620 1282 sed
636 1210 722 1306 quia
736 1209 930 1303 imperium
953 1205 1148 1296 habemus,
1171 1232 1235 1281 ne·
1286 1233 1368 1282 cum
1389 1207 1597 1296 leontinis,
1631 1210 1724 1280 aliae
1748 1221 1833 1282 sunt
1851 1222 1988 1304 septem
2011 1207 2169 1293 civitates,
2186 1233 2224 1301 sp

239 1331 334 1386 cesse
347 1324 401 1384 est
414 1311 494 1386 eliis
512 1311 697 1397 insidiari,
730 1313 810 1385 aliis
825 1337 912 1384 reto
933 1335 1009 1385 non
1026 1313 1234 1398 concedere,
1286 1323 1417 1406 paratu
1430 1335 1579 1404 prorsus
1593 1313 1689 1384 inter
1703 1311 1932 1390 maumites
1951 1325 1989 1386 et
2002 1311 2102 1387 nobis
2116 1309 2226 1396 Graecis,

240 1427 283 1489 ot
302 1416 475 1488 adversus
498 1438 566 1486 nos
595 1413 733 1512 aliquid
758 1417 969 1490 moliantur.
1034 1416 1114 1492 Nisi
1136 1415 1233 1488 enim
1286 1427 1323 1488 et
1335 1413 1601 1516 praecipue&
1622 1417 1714 1488 duae
1728 1415 1825 1503 illae,
1846 1441 1937 1512 quas
1950 1415 2116 1514 petimus,
2132 1413 2227 1484 Selinus

240 1541 309 1592 nos
323 1517 404 1590 aliis
418 1517 651 1611 imperemus,
671 1519 776 1591 nobis
790 1519 989 1613 pericolum
1008 1534 1061 1594 est
1075 1517 1234 1614 opprimi
1286 1532 1321 1592 et
1334 1515 1543 1616 Syracusae.
1589 1513 1644 1592 lbi
1658 1517 1754 1597 enirn
1770 1517 1875 1593 multi
1891 1532 1976 1598 sunt
1988 1515 2138 1613 pedites,
2155 1513 2227 1608 legio

240 1622 289 1694 als
306 1621 397 1694 aliis.
445 1619 521 1695 Nec
535 1643 603 1695 nos
617 1623 761 1694 easdem
776 1623 844 1694 otii
860 1643 985 1696 causas
1006 1647 1235 1720 quaeramus,
1285 1619 1381 1694 narii
1404 1631 1440 1693 et
1469 1619 1665 1719 sagittarii,
1697 1621 1833 1702 multae
1860 1620 2047 1708 triremes,
2078 1635 2117 1710 ¹et
2140 1643 2227 1710 magua

242 1744 333 1820 quas
352 1722 415 1795 slii
435 1737 634 1820 qutaerunt,
660 1747 742 1796 cum
760 1737 884 1799 nostra
900 1727 1027 1799 civitas
1052 1725 1235 1800 dissimilis
1285 1721 1481 1824 multitudo
1506 1728 1553 1796 ad
1576 1750 1637 1800 eas
1668 1723 1882 1822 implendas.
1946 1717 2092 1798 liabent
2113 1735 2143 1795 et
2159 1745 2227 1818 pecu

240 1825 288 1900 sit
308 1825 475 1899 oliorum.
537 1825 693 1900 Nostrae
713 1851 771 1901 res
794 1841 971 1916 crescent,
997 1829 1027 1904 si
1041 1827 1235 1924 proficisci·
1285 1825 1385 1900 niam
1405 1841 1486 1902 turn
1509 1828 1711 1922 privatam,
1734 1823 1825 1902 'tom
1848 1825 2055 1924 publicam,
2086 1827 2228 1922 repositan

240 1953 343 2012 πται-ς
377 1929 587 2023 navigantes
609 1929 705 2001 erim
733 1928 950 2005 incutiemus
971 1945 1106 2005 metum
1128 1933 1235 2006 Pelo·
1286 1930 1326 2004 in
1346 1931 1491 2028 templis
1516 1929 1738 2006 Selinuntiis.
1790 1929 1987 2028 Syracusiis
2011 1953 2096 2004 vero
2116 1929 2229 2026 pmduu

240 2033 444 2129 pomeriis,
476 2057 559 2104 cum
593 2032 798 2107 videbimur
829 2060 891 2110 eos
923 2037 1015 2108 adeo
1041 2036 1235 2132 despicere,
1287 2047 1348 2108 tur
1370 2047 1407 2107 et
1429 2029 1612 2129 primitiae
1634 2058 1656 2107 a
1677 2031 1841 2109 barbaris
1868 2033 2103 2132 quibusdam,
2140 2033 2230 2128 quale

241 2147 284 2209 ut
303 2157 380 2208 nou
403 2137 623 2230 pandamus
643 2131 700 2210 his
724 2136 898 2225 induciis,
929 2141 990 2212 scd
1015 2139 1054 2212 in
1074 2141 1233 2215 Siciliam
1286 2137 1441 2239 maxime
1464 2135 1695 2214 antecellunt.
1746 2135 1937 2220 Praeterea
1954 2151 2000 2220 ‚et
2023 2161 2129 2234 equos
2142 2135 2231 2206 multus

240 2239 483 2328 traiiciamus,
509 2253 545 2312 et
566 2253 629 2312 sut
650 2240 756 2336 politi
769 2239 890 2315 Sicilia
910 2243 1101 2318 universae
1120 2243 1235 2318 Grae·
1287 2241 1491 2342 possident,
1517 2255 1725 2328 etutuntur
1747 2241 1929 2316 frumento
1953 2239 2057 2316 domi
2077 2253 2169 2325 nato,
2186 2259 2231 2308 uon

242 2345 321 2418 riae
332 2344 526 2438 imperium
541 2344 804 2438 adipiscamur,
832 2360 896 2420 aot
916 2346 1112 2422 debilitatio
1128 2349 1235 2446 Syra·
1287 2347 1433 2420 aliunde
1451 2344 1615 2428 advecto,

243 2447 404 2532 meanis,
422 2449 529 2521 nobis
543 2462 580 2519 et
592 2449 698 2522 sociis
712 2452 866 2522 multum
879 2451 1072 2548 prosimus.
1144 2475 1148 2483 ·
1390 2447 1572 2525 Adversus
1602 2463 1742 2524 tantam
1774 2447 1973 2547 potentiam
2004 2473 2095 2545 opus
2121 2458 2166 2518 est
2186 2465 2231 2512 nou

345 2551 580 2623 Securitatem
602 2575 688 2625 vcro
703 2553 808 2626 nobis
822 2568 1007 2650 praestant
1025 2578 1156 2641 naves,
1181 2567 1236 2642 ut,
1288 2565 1429 2626 tuntum
1450 2553 1595 2628 nautica
1620 2567 1655 2628 et
1681 2552 1811 2650 ignava
1833 2555 1960 2640 turba,
1985 2554 2051 2628 sed
2072 2573 2183 2642 magno
2197 2570 2232 2638 pe

171 2727 182 2733 -
241 2655 346 2728 sires
361 2653 435 2728 sint
449 2657 646 2742 secundae,
668 2675 903 2746 maneamus,
924 2659 980 2733 sin
1001 2684 1089 2732 vero
1108 2661 1235 2731 adver·
1288 2657 1423 2745 ditatu,
1456 2657 1488 2730 si
1512 2657 1600 2758 quid
1620 2659 1789 2732 uolumus
1809 2659 1956 2754 dignum
1980 2679 2105 2757 gerere
2127 2649 2231 2724 consiliu

242 2775 324 2843 tae,
349 2759 549 2832 redeamus.
588 2757 677 2834 Eius
691 2759 787 2832 enim
800 2763 855 2832 rei
866 2774 1030 2862 potestas
1045 2781 1236 2864 peucenos
1287 2773 1435 2850 nostro,
1461 2774 1496 2833 et
1515 2785 1593 2835 nou
1614 2763 1729 2834 arceri
1749 2786 1772 2836 a
1792 2747 1980 2855 terra'per'
1996 2760 2147 2863 equites,
2167 2776 2232 2848 prat

240 2861 331 2950 trit,
356 2861 497 2934 etiarnsi
511 2862 678 2936 umiversa
695 2861 814 2936 Sicilia
828 2887 898 2942 nos
913 2867 1088 2962 impedire
1112 2867 1236 2938 volue—
1288 2863 1412 2939 sertim
1434 2865 1466 2938 si
1488 2863 1649 2942 civitates
1672 2879 1772 2938 metu
1791 2861 2121 2958 sesecouiuugant,
2142 2851 2234 2928 necui·

240 2964 301 3036 rit.
352 2964 428 3038 Nec
443 2990 508 3040 vos
522 2977 661 3038 avertat
675 2966 815 3054 Nicias,
842 2971 906 3067 qui
928 2969 1087 3044 studium
1105 2970 1236 3068 quictis
1289 2965 1408 3040 cissim
1429 2962 1534 3042 uobis
1553 2957 1701 3066 pi'a'esto
1723 2962 1797 3042 s'int
1816 2961 1880 3039 alii
1903 2957 2162 3074 amicijpraeter
2177 2955 2234 3050 Fac

240 3067 412 3154 ostendit,
429 3079 471 3140 et
483 3069 643 3142 seniores
658 3094 679 3140 a
695 3069 897 3146 iunioribus
912 3073 1115 3169 disiungere
1129 3098 1236 3145 cona·
1288 3084 1432 3160 uanos,
1457 3094 1614 3170 quorum
1630 3061 1769 3148 aurilio
1791 3061 1929 3168 equites
1950 3066 2171 3164 depellamus.
2205 3059 2235 3130 lt

241 3183 319 3251 tun
345 3173 407 3242 sed
423 3173 653 3245 convenienti
665 3174 806 3262 ordine,
832 3177 924 3248 sicut
939 3179 1096 3252 maiores
1108 3175 1236 3264 nostri,
1289 3187 1395 3270 turpe
1414 3171 1506 3276 erit,
1529 3199 1596 3248 nos
1619 3189 1683 3250 aut
1706 3175 1742 3244 vi
1767 3160 2068 3280 pulsqspegpedi,
2092 3169 2235 3242 iutaoecr·

238 3293 324 3344 ιω
354 3273 505 3374 iuvenes
537 3275 684 3350 senibus
722 3279 968 3375 adiunguntur
998 3279 1037 3352 in
1065 3281 1237 3366 consiliis,
1288 3302 1367 3351 scre
1382 3303 1479 3352 nova
1500 3273 1655 3366 auxilia,
1680 3270 1902 3384 primumire
1926 3267 2176 3378 inconsiderate
2189 3281 2235 3336 teo

240 3379 502 3478 rempublicam
523 3377 562 3452 in
578 3377 823 3455 hunestatom
839 3385 1103 3479 perduxerunt,
1126 3380 1236 3457 simili
1289 3394 1377 3457 tata.
1431 3373 1568 3454 idcirco
1601 3379 1829 3479 praestiterit*
1852 3377 1957 3453 initio
1991 3378 2075 3469 culn
2127 3383 2235 3472 ppfflli

240 3487 354 3559 modo
368 3502 467 3558 untur
487 3487 587 3560 oriris
602 3486 802 3580 potentiam
820 3489 996 3581 mgeatls,
1023 3501 1059 3560 et
1080 3487 1237 3573 statuite,
1289 3475 1399 3578 digno
1422 3485 1590 3591 accedere
1611 3499 1646 3589 et
1668 3481 1846 3585 cogitare,
1872 3473 1973 3581 quod
1992 3481 2062 3592 pro
2126 3469 2235 3554 discedi·

238 3591 392 3664 iuvenes
406 3592 448 3660 'et
466 3608 570 3664 senes
588 3591 724 3665 alteros
745 3590 822 3662 dine
844 3591 965 3666 alteris
989 3589 1083 3664 mliii
1104 3593 1238 3678 valere,
1290 3614 1372 3662 mus
1396 3611 1417 3658 a
1439 3585 1556 3682 patria
1580 3585 1727 3674 nostra,
1753 3583 1819 3674 hec
1834 3581 2029 3691 militaturi
2045 3583 2235 3672 simusaequv

237 3697 306 3770 red
323 3695 490 3779 aeuus,
518 3693 732 3779 imbecdles,
770 3695 914 3770 medios
940 3709 977 3769 et
1000 3687 1099 3770 aeres
1121 3692 1238 3790 plori-
1289 3685 1632 3787 loco,-necpsrloca
1646 3683 1887 3778 subditorum,
1902 3688 1999 3794 unde
2014 3675 2129 3768 faciles
2142 3683 2235 3773 impor-

238 3817 345 3872 mum
361 3813 480 3892 posse.
735 3805 744 3839 ²
1287 3793 1446 3870 tationes
1461 3819 1583 3870 rerum
1597 3789 1882 3870 necessariarum
1899 3807 2086 3890 expectare
2094 3787 2236 3888 possimus

338 3901 537 3973 ¹Civitatem
564 3922 651 3972 vero
678 3901 816 3972 conteri
842 3902 918 3973 otio
948 3924 1017 3996 per
1041 3919 1079 3974 se
1109 3895 1239 3995 ipsam,
1291 3901 1353 3972 sed
1375 3922 1524 3994 prorsus
1539 3897 1579 3970 in
1594 3898 1748 3973 alienam
1763 3912 1898 3970 terram
1914 3893 2127 3980 avellamur,
2149 3905 2234 3980 erqut

237 4005 335 4094 *sient
358 4015 415 4076 res
434 4015 612 4090 caeteras,
640 4015 676 4075 et
701 4027 883 4076 unescere
903 4005 1139 4089 industriam,
1164 4005 1239 4074 bel-
1291 4027 1358 4097 per
1374 4010 1532 4099 quatuor
1547 3995 1718 4074 hibernos
1734 4026 1875 4084 menses
1892 3999 1955 4074 vix
1969 3993 2104 4074 nuntiis
2120 3985 2235 4065 iretedi·
2266 4067 2267 4074 χ

236 4111 466 4181 laudavero
489 4109 666 4201 proficere
692 4107 964 4202 experimentis,
997 4117 1033 4178 ct
1060 4105 1240 4180 assuefieri
1291 4129 1403 4202 reque
1416 4101 1520 4176 facile
1535 4106 1615 4180 erit.
1648 4093 1741 4176 Mihi
1754 4106 1875 4201 itaque
1892 4101 2055 4192 videtur,
2076 4125 2137 4173 nos
2149 4099 2236 4167 ducere
2266 4101 2267 4118 ¹

235 4233 319 4284 oron
341 4208 480 4295 verbis,
521 4213 584 4284 sed
606 4232 674 4282 usu
703 4222 740 4281 et
768 4211 916 4304 proeliis
940 4213 986 4282 ad
1005 4211 1257 4309 'depellendos'
1293 4220 1461 4304 oportere
1489 4202 1708 4304 legionarios
1729 4207 1863 4285 multos
1885 4232 1928 4287 ex
1945 4207 2070 4292 nobis,
2101 4227 2138 4276 ex
2158 4191 2236 4272 socii,

243 4311 375 4389 luostes.
442 4312 608 4410 Denique
641 4313 692 4385 sic
717 4333 872 4401 ccnmo,
896 4315 1106 4399 civitatem,
1146 4337 1239 4408 qnae
1293 4326 1329 4384 et
1349 4337 1392 4390 ex
1414 4306 1583 4400 subditis„
1614 4336 1657 4384 ex
1680 4305 1954 4408 Peloponnesiis
1981 4311 2107 4394 etiam,
2133 4304 2158 4376 si
2176 4319 2235 4394 qu⁰⁶

235 4410 527 4490 ostensorum
543 4417 680 4502 otiosa,
703 4419 826 4488 statim
843 4419 992 4504 destrui,
1009 4416 1240 4488 tumulabori·
1293 4428 1356 4488 aut
1370 4411 1613 4510 persuadere,
1638 4428 1679 4488 ut
1694 4415 1882 4489 nobiseum
1900 4409 2081 4500 militent,
2105 4421 2158 4480 aut
2174 4422 2236 4472 mer·

236 4519 485 4604 uouendos,
507 4520 585 4591 otio
609 4545 647 4591 se
668 4519 790 4606 dedit,
816 4529 854 4591 et
870 4521 1015 4592 illorum
1036 4525 1169 4592 statut'n
1183 4532 1240 4590 tu·
1294 4519 1378 4591 cede
1401 4511 1507 4592 nobis
1528 4518 1724 4612 adiungere
1745 4543 1955 4611 possumus;
1985 4529 2020 4589 el
2041 4501 2201 4610 praeteri

239 4624 518 4708 chelmonaeos,
534 4623 597 4720 qui
612 4621 781 4719 antiquos
794 4646 915 4697 mores
924 4625 1083 4717 etleget,
1097 4623 1239 4695 etiamsi
1293 4613 1497 4714 sagittarios
1510 4623 1644 4694 multos
1660 4634 1695 4692 et
1708 4619 1922 4710 funditores,
1941 4620 2003 4722 uiui
2017 4611 2175 4717 equitatui
2186 4605 2236 4676 illlt

235 4725 441 4800 deteriores
454 4739 561 4813 munt,
585 4725 754 4798 retinent.
1292 4749 1374 4800 rum
1385 4723 1564 4798 resistant.
1601 4721 2235 4804 Deindenavibusnosabundareopur·

264 4853 268 4869 ¹
427 4848 430 4858 '
528 4880 690 4956 ontio
717 4880 879 4956 Niciae
897 4881 944 4977 ,‚)
1293 4841 1432 4901 tetrum
1446 4826 1539 4912 aliis,
1554 4829 1683 4928 quibus
1698 4823 2013 4900 necessariaiacile
2028 4811 2233 4898 convehuntur,

672 5001 707 5028 .,
785 5001 797 5026 ,.
981 5000 990 5018 .
1040 5000 1050 5018 .
1292 4943 1371 5002 tum
1394 4929 1589 5018 onerariis,
1615 4931 1744 5028 quibus
1766 4929 1925 5004 triticum
1947 4945 1982 5004 et
2003 4925 2165 5001 hordeum
2190 4930 2235 4982 tot·

348 4999 547 5095 Poetqum
582 5025 733 5077 omuuno
763 5003 868 5073 vedeo
893 5027 958 5076 uos
979 5014 1145 5076 unutatos
1166 5027 1240 5078 esse
1292 5036 1467 5107 reiectum
1491 5032 1718 5128 importetur.
1764 5035 1797 5107 Α
1799 5034 1822 5105 d
1824 5037 1953 5107 ducere
1969 5044 2107 5128 oportet
2120 5039 2149 5096 et
2160 5021 2234 5116 pisto·

245 5107 293 5180 ad
325 5103 587 5198 suscipiendam
630 5101 919 5198 expeditionem,
963 5103 1240 5196 consideremus,
1292 5161 1351 5209 m
1386 5162 1429 5208 ex
1457 5138 1704 5224 molitoribus,
1745 5163 1813 5315 RS}
1845 5152 1949 5233 pam
1983 5137 2098 5232 aliqu,
2122 5135 2234 5200 coactus,

1739 5248 1772 5312 ci
1822 5296 1834 5328 ,

246 5209 431 5326 quomodo
446 5207 729 5328 caminatituere
747 5207 909 5279 velimus.
946 5207 1063 5324 'Quae
1077 5209 1115 5277 in
1135 5233 1240 5303 prae·
1290 5242 1423 5336 partim
1439 5243 1602 5314 mercede
1619 5242 1736 5314 wudu
1858 5255 1917 5328 ut,
1946 5225 2234 5314 sicuhiimerduda.

245 5323 360 5384 senua
377 5334 443 5401 epo
459 5325 599 5405 cogito,
626 5310 807 5382 indicabo.
867 5307 957 5379 lturr
974 5337 1097 5384 sumus
1113 5314 1239 5382 adver·

247 5421 464 5448 “··-·-··-·-”·
1326 5409 1391 5468 uas)
1410 5409 1573 5473 praecipue]
1593 5405 1634 5460 sle
1652 5405 1815 5473 scripsimus
1833 5423 1865 5454 =
1883 5407 2003 5474 tureyo.
2020 5395 2074 5474 οὐχ
2089 5393 2184 5468 turm
2199 5383 2231 5438 Ν

281 5473 331 5532 tit
348 5475 470 5540 Μαῖα,
481 5477 533 5542 vt,
549 5475 675 5535 eo-rt.
1362 5479 1642 5565 tuttspraeclpusm
1682 5528 1685 5534 ,
