4560 5792
42 177 101 259 ιιι
152 165 261 242 xxxi.
302 163 596 266 susurrem
611 163 745 242 omar
768 167 813 246 u
838 163 1238 246 ntsrtrurtoreurs
1262 165 1563 243 onsronnu.
1588 167 1900 270 optumrum.
1965 111 2045 268 ele

558 323 559 326 ,
742 311 752 324 ι
1008 287 1013 326 Ι

36 349 89 424 Sed
99 339 156 416 bas
175 337 362 416 sententias
383 337 553 423 innectit,
586 345 625 412 st
643 353 830 433 praeterea
852 341 989 414 illumi·
1047 341 1131 416 ab‘s.
1187 341 1306 439 Atque
1322 338 1410 417 boec
1427 365 1539 435 opera
1556 363 1668 412 meno
1682 341 1854 415 fabricata
1868 356 1973 427 suut,
2007 355 2045 416 et

35 462 84 522 sat
102 445 247 516 membra
261 441 495 534 periodorum
513 442 709 523 luminibus
723 446 996 530 verborum,⁸·et
1046 457 1179 537 magno
1197 457 1344 537 sumptu
1360 457 1545 529 constant,
1578 467 1703 516 verum
1729 457 1858 516 natura
1886 449 2045 538 pruden·
2143 467 2146 473 ·

34 550 173 646 quiddam
197 565 427 616 numerosum
450 545 576 629 efficit,
608 559 651 616 ut
675 571 743 639 pro
760 546 995 618 Rabiriore·
1047 547 1142 620 tibus
1156 573 1268 620 unum
1284 550 1466 642 quoddam
1485 571 1674 618 commune
1695 539 1962 620 munimentum
1979 543 2044 619 'iu-

32 665 113 726 ouste
127 647 234 741 pingit
246 645 402 738 singulas
417 648 605 739 periodos,
628 647 785 740 primam
799 663 906 741 auget
921 650 994 721 eol·
1046 649 1156 735 didit,
1183 654 1376 746 quodcum
1393 651 1559 721 omnibus
1579 652 1716 720 bouum
1738 662 1846 745 atque
1868 652 1957 722 utile
1979 664 2044 737 est,

31 755 157 826 ladoue:
181 747 221 820 lu
236 749 316 822 aliis
332 773 408 819 uon
421 751 503 820 dico
519 773 682 836 causam,
715 775 856 823 eureos
871 753 994 824 delen·
1046 766 1123 824 tom
1161 777 1251 824 vero
1292 752 1446 824 maxime
1479 753 1683 823 civitatibus
1717 755 1886 825 adversus
1916 763 2043 847 tyran-

30 860 112 938 dem,
135 852 215 948 quia
230 846 428 922 humanum
444 865 498 924 est
513 851 693 948 quoslibet
702 855 907 927 defendere.
951 853 994 924 ln
1045 881 1113 928 nos
1127 856 1367 928 necessarium
1384 868 1448 927 est.
1500 856 1609 949 Quod
1623 868 1677 926 est
1690 855 1799 947 igitur
1815 854 1929 927 illud?
1964 854 2043 928 Dil-

29 955 81 1028 buc
93 956 199 1026 dicam
216 967 282 1026 etc.
314 952 439 1050 ltaque
455 951 544 1026 haec
561 957 633 1028 duo
648 981 823 1028 conemur
836 958 993 1030 imitari:
1044 958 1204 1033 fidentia.
1255 957 1357 1028 lianc
1370 957 1540 1038 retinete;
1566 952 1660 1028 hanc
1673 957 1705 1028 si
1720 957 1964 1044 servaveritis,
1986 959 2043 1029 ni·

29 1057 220 1149 diligentiam
237 1057 275 1126 in
292 1059 541 1130 conservando
565 1060 825 1132 sententiarum
851 1060 993 1145 ordine,
1044 1057 1097 1132 bil
1112 1061 1213 1132 triste
1229 1061 1367 1154 passuri
1385 1061 1479 1132 estis.
1526 1059 1623 1130 llaec
1639 1061 1813 1132 sententia
1830 1061 1916 1132 satis
1929 1060 2041 1132 dilata

28 1176 54 1232 et
65 1161 174 1256 aliquo
189 1163 296 1230 modo
310 1159 464 1230 faciendi
480 1158 662 1253 periodos.
1044 1177 1108 1236 est.
1143 1165 1212 1235 Sed
1229 1164 1393 1259 quamvis
1407 1163 1446 1232 in
1461 1158 1668 1235 huiusmodi
1683 1164 2041 1260 ornamentis,·quae

107 1261 269 1354 Magnam
291 1259 379 1334 haec
401 1263 475 1332 vim
499 1258 652 1348 habeut,
669 1264 826 1336 -etiamsi
853 1276 992 1336 caetera
1045 1267 1157 1338 multa
1175 1269 1272 1361 apud
1290 1291 1374 1338 eum
1396 1264 1646 1358 reperiuntur,
1678 1259 1823 1336 adhibet
1841 1267 2042 1360 quasi-ma·
2114 1348 2118 1356 Ι

26 1365 141 1460 assequi
168 1390 242 1436 nou
277 1365 496 1458 poterimus,
520 1425 525 1442 .
546 1365 712 1438 videlicet
749 1379 791 1445 ιιι
823 1367 993 1460 periodos
1044 1369 1159 1440 iorem
1176 1391 1331 1453 sonum,
1367 1381 1402 1439 et
1421 1369 1502 1461 plus
1519 1368 1733 1452 verborum,
1760 1379 1880 1437 tamen
1901 1382 2039 1439 caetera

25 1481 171 1562 perpetuo
195 1467 378 1540 Ciceronis
400 1493 502 1540 more
523 1479 724 1554 struamus,
758 1482 794 1542 et
815 1469 993 1542 illumine-
1045 1484 1129 1545 sunt
1160 1473 1369 1562 angustiora
1399 1469 1593 1542 Ciceronis·
1611 1470 1797 1555 oratioue,
1835 1481 1870 1540 et
1900 1471 2042 1562 periodi

25 1597 85 1642 mus
98 1572 272 1658 membra,
299 1584 335 1660 et
348 1595 582 1644 numerosum
597 1573 770 1665 quiddam
787 1572 993 1648 efficiamus.
1045 1575 1258 1669 plerumque
1269 1575 1472 1658 breviores,
1500 1597 1541 1642 ac
1555 1571 1704 1643 liberior
1721 1586 1773 1643 est
1790 1572 1929 1658 oratio,
1963 1573 2041 1658 etsi,

24 1673 125 1768 Neque
139 1674 235 1746 enirn
251 1674 414 1744 omnium
432 1673 575 1768 ingenia
592 1673 753 1744 divinam
769 1675 867 1746 illam
889 1678 994 1748 uber-
1046 1677 1219 1772 quoniam
1237 1675 1437 1769 pugnacior
1451 1688 1503 1746 est
1515 1670 1771 1746 Demosthenis
1786 1675 1918 1759 oratio,
1943 1675 2043 1748 vide-

25 1765 110 1844 btem
126 1801 164 1845 ac
181 1777 337 1867 nitorem
349 1777 532 1850 Ciceronis
549 1777 720 1871 consequi
736 1791 897 1870 possunt.
943 1778 994 1852 Ut
1046 1791 1105 1852 tur
1121 1779 1154 1850 ei
1171 1780 1347 1850 concitata
1365 1779 1424 1850 illa
1441 1779 1557 1849 forma
1574 1777 1687 1870 magis
1704 1790 1786 1870 apta
1802 1777 1922 1850 luisse.

24 1877 96 1950 euim
117 1878 153 1948 iu
175 1880 374 1972 poematis,
409 1879 458 1948 ita
487 1879 526 1952 iu
549 1880 666 1952 soluta
694 1881 858 1952 oratione
879 1881 993 1974 pluri·
1148 1880 1338 1953 Caeterum
1361 1881 1501 1952 etillud
1517 1880 1700 1952 sciendum
1717 1892 1789 1964 est,
1814 1903 1880 1950 uec
1897 1879 2041 1950 Cicero·

24 2005 101 2050 num
115 1983 220 2052 refert
233 1983 435 2074 intelligere
451 2005 650 2078 quemque,
677 2009 750 2078 quo
775 1997 905 2056 natura
925 1987 993 2058 du-
1045 2007 1128 2056 nem
1146 1985 1281 2078 ubique
1297 1986 1423 2056 eodem
1438 1987 1550 2054 modo
1565 1995 1713 2054 struere.
1765 1980 1806 2051 ln
1827 1983 2040 2075 disputatio-

24 2096 120 2166 eatur,
143 2098 183 2156 ut
198 2085 338 2178 ingenii
351 2089 446 2160 bona
463 2086 537 2155 alat
556 2097 664 2180 atque
686 2087 907 2172 conformet,
941 2087 994 2156 vi·
1045 2087 1151 2158 nisos
1173 2088 1339 2160 solvisse
1360 2087 1511 2160 vinculis
1533 2086 1788 2180 periodorum,
1825 2097 1861 2155 et
1888 2085 2040 2156 omnino

22 2185 236 2268 fiaemendet.
289 2189 383 2262 Nam
401 2200 437 2258 ει
461 2188 521 2258 illa
543 2185 695 2281 simplex
716 2190 994 2286 figura,qualis
1046 2189 1233 2282 augustior
1263 2203 1316 2262 est
1342 2189 1480 2274 oratio,
1529 2187 1685 2258 maxima
1718 2200 1771 2258 est
1806 2187 2040 2280 epistolarum

23 2301 64 2358 est
74 2286 209 2382 lysiae,
236 2317 340 2364 suam
356 2287 466 2361 habet
482 2291 648 2374 laudem,
666 2291 836 2368 simratio
851 2293 899 2364 sit
912 2317 993 2384 per·
1045 2292 1159 2384 ipsius
1178 2287 1444 2364 dissimilitudo.
1495 2290 1599 2364 Aliae
1614 2289 1804 2380 diligenter
1821 2291 2041 2382 compositae
2143 2316 2152 2334 ’

23 2389 139 2482 spicue,
177 2393 399 2489 aequabilis,
438 2395 531 2473 bene
553 2387 771 2478 cohaerens,
803 2407 839 2474 et
862 2389 994 2466 habeat
1045 2407 1148 2479 suut,
1174 2406 1210 2465 et
1223 2395 1363 2466 vinctae
1379 2394 1558 2487 periodis,
1583 2394 1622 2461 in
1644 2391 1724 2463 aliis
1749 2393 1866 2462 oratio
1889 2404 2042 2484 vagatur

23 2491 136 2587 aliquos
151 2521 297 2580 seusus,
322 2497 488 2580 affectus,
515 2497 730 2593 acbguras,
754 2497 994 2570 etiamsinon
1045 2497 1204 2569 liberius.
1270 2497 1334 2569 Est
1363 2509 1399 2566 et
1427 2495 1465 2568 iu
1489 2493 1701 2588 Philippicis
1730 2494 1847 2564 oratio
1879 2495 2064 2567 liberior.

20 2607 77 2667 um
92 2613 251 2674 accurate
263 2585 373 2673 struit
386 2600 576 2696 periodos,
602 2623 669 2675 uec
683 2613 770 2686 tam,
783 2600 840 2669 vel
864 2600 994 2686 nitida,
1046 2599 1168 2694 Quare
1183 2597 1294 2670 habet
1307 2601 1450 2670 laudern
1465 2594 1535 2670 boc
1551 2621 1661 2693 genus
1679 2596 1840 2681 tenuius,
1871 2598 1901 2667 si
1918 2609 2041 2667 tamen

21 2699 64 2767 vel
81 2701 209 2774 musica
233 2715 307 2788 est,
340 2727 448 2798 quam
472 2715 525 2796 est
543 2703 662 2772 oratio
680 2702 875 2798 Ciceronis.
925 2703 995 2774 Su·
1047 2703 1185 2786 oratio,
1216 2715 1259 2777 ut
1277 2703 1371 2786 dixi,
1402 2723 1493 2794 pura
1517 2715 1588 2784 est,
1612 2712 1659 2771 ¹et
1678 2699 1788 2768 latina
1813 2695 1974 2792 phrasis,
2006 2711 2044 2770 et

19 2823 135 2874 narnus
150 2807 356 2897 exemplum
370 2829 419 2899 ⁸ert
430 2803 627 2906 Lysia⁰⁶⁸);
655 2805 694 2878 si
710 2829 786 2875 non
804 2819 895 2884 esset
910 2830 994 2877 con·
1046 2805 1243 2878 sententiae
1266 2819 1348 2900 apte
1370 2800 1564 2876 cohaerent
1586 2817 1653 2874 etc.
1675 2815 1712 2872 et
1732 2798 1840 2872 habet
1863 2804 2040 2898 quaedam
2130 2836 2133 2844 ¹

19 2907 167 2977 troversia
182 2877 286 3028 *e
304 2898 457 3002 magna,
472 2897 632 2992 'indidem
655 2933 730 2981 uon
745 2932 858 2992 essem
871 2933 995 3002 passus
1047 2910 1263 3002 interspersa
1287 2907 1437 2979 lumina.
1494 2907 1684 2979 Postremo
1712 2917 1748 2974 et
1765 2900 1835 2975 hoc
1856 2905 2042 2975 sciendum

17 2999 114 3078 busin
131 2999 305 3083 iudicium
324 3003 459 3107 venire'.
511 3001 636 3104 Turpe
659 3011 756 3084 enim
779 3036 854 3082 esse
878 3011 996 3088 eristi·
1047 3023 1119 3095 est,
1144 3033 1221 3080 non
1237 3010 1404 3080 omuibus
1419 3011 1578 3081 materiis
1602 3006 1956 3101 paritercouvenire
1979 3021 2042 3101 pe-

17 3132 63 3178 no
78 3128 246 3205 cognatos
269 3115 364 3184 inter
387 3139 424 3186 se
447 3112 638 3199 dissidere,
669 3113 817 3209 scioque
840 3138 916 3184 non
938 3138 995 3184 so·
1047 3115 1188 3184 riodos.
1221 3111 1458 3184 Narrationes
1475 3111 1571 3182 enim
1589 3112 1761 3204 pleraque
1778 3122 1962 3204 exponunt
1976 3132 2044 3203 per

15 3209 74 3282 lum
90 3241 166 3301 eos,
191 3221 259 3314 qui
281 3217 453 3290 iniuriam
475 3217 633 3302 sariunt,
657 3216 844 3310 improbos
867 3215 996 3300 videri,
1046 3221 1167 3301 κῶλα,
1193 3215 1335 3308 saepius
1350 3215 1572 3286 conveniunt
1585 3212 1728 3304 periodi
1745 3213 1902 3284 exordiis
1925 3224 1961 3282 et
1986 3236 2044 3282 ar·
2118 3257 2123 3264 -
2153 3239 2157 3248 ’

15 3317 188 3390 sedetiam
213 3321 318 3404 illos,
355 3321 419 3415 qui
444 3344 517 3416 non
540 3333 691 3419 possunt
712 3321 808 3390 ferre
829 3319 994 3415 illatasa
1047 3319 1332 3412 gumentationi,
1371 3320 1434 3390 sed
1461 3331 1584 3389 tamen
1612 3315 1754 3386 misceri
1772 3321 1877 3389 κῶλα
1899 3316 2043 3388 debent.

13 3414 209 3518 propinquis
226 3422 390 3496 iniurias.
430 3412 628 3520 Postquam
648 3427 767 3518 autori
781 3418 820 3493 bi
839 3420 994 3493 maxima
1048 3423 1239 3496 Praeterea
1257 3422 1296 3490 in
1316 3421 1443 3495 mediis
1459 3420 1680 3513 argumentis
1694 3442 1799 3510 saepe
1813 3421 1940 3490 breves
1961 3443 2045 3488 acu-

12 3526 143 3612 pecunia
161 3525 323 3620 spoliati,
349 3539 384 3595 et
400 3527 526 3596 acerba
545 3527 657 3599 multa
674 3526 768 3620 passi
784 3527 830 3594 ad
843 3551 900 3595 me
918 3539 996 3594 tan·
1047 3526 1094 3594 lei
1110 3524 1291 3596 inserendi
1305 3536 1409 3607 sunt,
1435 3538 1471 3594 et
1486 3524 1657 3595 solvenda
1674 3532 1738 3594 est.
1751 3523 1869 3590 oratio
1892 3520 2046 3592 vincellis

14 3644 105 3716 quam
136 3633 284 3700 affinem
309 3619 565 3722 confugerunt,¹
603 3651 743 3700 necesse
764 3627 834 3698 luit
857 3651 914 3696 me
937 3651 996 3696 co·
1047 3627 1294 3719 periodorum.
1346 3625 1462 3698 Huius
1476 3626 1530 3695 rei
1546 3624 1705 3716 exempla
1722 3645 1846 3706 omnes
1863 3622 2046 3694 Ciceronis

11 3749 78 3800 rum
94 3747 241 3806 causum'
255 3733 445 3824 suscipere.
497 3729 622 3800 Habeo
639 3733 734 3800 enim
754 3754 880 3800 eorum
895 3753 996 3800 soro·
1049 3729 1232 3800 orationes
1267 3739 1303 3798 et
1337 3727 1597 3818 disputationes
1627 3723 1878 3816 suppeditant,
1923 3725 2046 3818 qualia

11 3853 74 3902 rem
97 3849 163 3910 etc.
225 3835 402 3906 Ornatior
426 3829 462 3904 et
483 3834 631 3904 erberior
654 3846 707 3912 est
719 3827 996 3914 Demosthenes,
1049 3843 1134 3905 sunt
1154 3830 1214 3898 illa
1237 3853 1304 3922 pro
1329 3829 1480 3902 Milone.
1549 3829 1631 3922 Quo
1658 3828 1805 3898 tandem
1830 3826 1953 3898 animo
1977 3823 2048 3898 hoc

10 3957 105 4026 quam
138 3937 317 4032 Lysias„
348 3950 385 4007 et
424 3951 547 4024 tamen
573 3937 775 4028 cogentior
808 3935 996 4006 Cicerone.
1050 3947 1244 4028 tyrannum
1271 3932 1392 4003 tulisse
1418 3932 1587 4004 creditis?
1638 3931 1824 4026 Quantum
1853 3931 1977 4016 odium
2007 3931 2050 4000 il-

10 4035 103 4108 Multi
118 4043 220 4112 enim
237 4042 309 4112 loci
322 4052 406 4121 suut
422 4036 676 4122 Demosthenis
691 4039 778 4110 satis
792 4041 946 4130 grandes
962 4047 999 4106 et
1048 4035 1145 4106 lius?
1182 4048 1218 4107 et
1234 4035 1272 4104 in
1286 4031 1436 4106 homine
1453 4036 1604 4122 iniusto,
1640 4041 1748 4130 quam
1765 4035 1871 4104 etiarn
1888 4031 2049 4106 iustum?

9 4144 139 4230 sonori,
165 4145 287 4240 qualis
310 4157 364 4232 est
387 4144 604 4224 insecundo
619 4139 898 4238 Philippicaffl):
925 4139 998 4208 Va·
1050 4140 1174 4210 Prima
1208 4137 1424 4235 epistoleffl)
1463 4134 1572 4209 habet
1604 4137 1710 4208 initio
1744 4138 1834 4210 duas
1867 4137 2051 4231 periodos,

9 4241 53 4312 ria
78 4250 279 4340 excogitata
310 4260 396 4320 suut
424 4247 568 4321 turbium
600 4246 822 4318 munimenta
852 4256 888 4313 et
915 4267 999 4335 pro·
1052 4267 1205 4339 quarum
1222 4242 1397 4341 priorest
1414 4243 1577 4312 brevior:
1611 4239 1688 4332 Ego
1713 4239 1975 4324 omni'olbcio,
2009 4261 2052 4308 ac

9 4353 222 4438 pugnacula,
250 4363 291 4422 ut
313 4349 417 4433 valli,
443 4349 558 4436 muri,
583 4351 719 4434 fossae,
745 4361 780 4419 et
800 4343 870 4417 hoc
889 4369 1000 4438 genus
1052 4346 1173 4439 potius
1190 4343 1322 4438 pietate
1338 4370 1420 4436 erga
1439 4355 1486 4429 te,
1512 4342 1659 4416 caeteris
1674 4341 1853 4415 satisfacio
1871 4342 2052 4427 omnibus,

10 4487 107 4501 -——
120 4495 207 4504 ------
1052 4446 1144 4519 mihi
1173 4449 1248 4542 ipse
1277 4473 1464 4543 nunquam
1492 4447 1684 4519 satisfacio.
1743 4444 1864 4517 Altera
1888 4443 2050 4540 plenior:

35 4565 100 4627 ⁶⁶¹)
118 4537 232 4632 hyetto
249 4520 327 4622 oret..
339 4568 368 4618 tu
387 4567 563 4633 utogttoueu
590 4567 724 4633 pructpto
749 4565 813 4632 (rto.
827 4566 936 4618 t-to.
957 4563 1000 4652 ct.
1053 4554 1172 4623 Tanta
1190 4552 1286 4622 enim
1304 4550 1517 4643 magnitudo
1533 4564 1585 4622 est
1599 4563 1744 4620 tuorum
1761 4572 1844 4640 erga
1863 4573 1922 4618 me
1943 4546 2053 4618 meri·

34 4635 183 4774 anm
209 4636 238 4706 5·
252 4637 339 4740 ¹:⁰⁴²
358 4635 516 4703 ''mm”
1053 4669 1196 4738 torum,
1221 4665 1282 4737 ut,
1307 4654 1481 4748 quoniam
1498 4668 1559 4740 tu,
1585 4653 1654 4723 nisi
1675 4653 1829 4744 perlecta
1852 4677 1892 4722 re
1918 4653 1962 4722 de
1983 4673 2055 4736 me,

68 4725 305 4781 lltorrosttenrs
322 4727 408 4776 verbe
425 4725 455 4776 lu
466 4723 630 4790 Philippu.
648 4737 675 4788 p.
689 4723 734 4774 71.
752 4722 802 4774 llo.
814 4720 940 4774 19-28.
957 4719 1002 4773 od.
1269 4756 1278 4772 .
1336 4757 1344 4774 .
1478 4777 1480 4780 ,
1530 4757 1538 4774 .
1686 4755 1695 4770 .
1805 4753 1814 4770 .

65 4793 176 4844 ltelslre
196 4797 226 4848 ιι.
244 4796 377 4846 bloiet.
395 4793 793 4846 sermonemtrensletebeoc
811 4791 891 4840 sunt:
918 4792 1002 4838 tror-
1053 4783 1130 4828 fl0¹¹
1146 4770 1364 4853 ⁰⁰nq¹l¹0³l¹s
1392 4781 1458 4849 ⁰8⁰
1477 4768 1562 4852 (lma
1583 4780 1660 4826 ΜΠ
1683 4755 1778 4824 ¹d⁰¹¹¹
1803 4779 1842 4824 ¹¹¹
1864 4769 1924 4846 ¹¹1³
1949 4777 2055 4824 cama

67 4858 182 4914 setene
202 4859 343 4948 seeptro
361 4864 421 4922 ταῖς
437 4859 621 4981 vitreamque
640 4857 771 4928 putarer
787 4855 1002 4942 ’‘“lffltt‘ff'v
1056 4862 1191 4944 efficio,
1218 4859 1328 4930 vitam
1346 4856 1437 4929 mihi
1454 4885 1527 4932 esse
1545 4861 1711 4930 acerbam
1727 4871 1862 4950 putem.
1914 4857 2055 4929 Deinde

539 4947 574 4984 tto
610 4927 716 4999 τάφροι
740 4925 789 4980 stol
813 4924 916 4992 cosso,
949 4938 1004 4978 ero

69 4920 349 5020 olor-xopurupmtt
366 4930 415 4992 stol
439 4934 515 5054 “51¹1
568 4996 581 5017 ·
1158 4963 1167 4981 ·
1348 4962 1356 4979 ·
1405 4989 1412 5004 .
1446 4960 1462 5031 Ι
1628 4958 1654 5031 h

68 5013 197 5052 roncore.
229 5018 275 5054 και
294 5018 381 5053 rouro
397 5000 453 5069 μίν
484 5016 545 5053 στιν
561 5017 675 5052 onemo
691 4997 869 5082 χειροζιοίιτα
886 4991 933 5048 sat
952 4991 1005 5046 δα·
1056 4977 1140 5037 sunl
1157 4975 1412 5054 ¹¹¹⁰⁰¹¹¹P⁰⁸¹l³·
1464 4987 1487 5031 ¹¹
1506 4987 1611 5033 cama
1655 4986 1717 5033 ³⁰⁰
1733 4975 1818 5034 ³¹¹¹st
1833 4974 1899 5033 εἶς’

69 5064 161 5133 adm
173 5069 285 5152 'notter
303 5067 475 5152 oportetque·
507 5065 539 5122 ἵν
556 5067 587 5122 δέ
602 5085 627 5122 ¹·
650 5065 747 5123 ²⁰¹th
763 5087 779 5134 t
798 5062 958 5150 qaoque
974 5049 1006 5115 ⁶¹5
1160 5065 1257 5136 llaec
1276 5066 1451 5136 orationis
1467 5065 1672 5137 discrimina
1689 5065 1719 5137 si
1742 5065 1822 5161 quis
1840 5059 2056 5146 observabit,

69 5153 260 5256 pporoorror
282 5137 315 5194 ir
338 5138 422 5210 {corp
446 5138 572 5204 κέκτηται
589 5136 794 5207 φυλακτήριον,
824 5129 841 5185 8
864 5148 936 5188 noos
950 5131 1007 5204 μέν

85 5219 148 5256 στιν
166 5201 345 5274 ἀγαθὸνκαὶ
363 5198 516 5276 our'psev,
538 5205 661 5279 μάλιστα
680 5203 708 5262 stt
726 5208 785 5266 τοῖς
800 5201 921 5268 πλήθεσι
936 5200 1006 5270 πρὸς

69 5269 320 5344 τοδςτεράννους.
349 5280 379 5330 τί
394 5229 446 5331 adr
463 5277 522 5330 irre
539 5278 637 5343 roo'r03
665 5273 796 5332 dumio.
826 5267 912 5354 rodcq
948 5285 1007 5395 po·

71 5341 203 5410 λείπετε,
221 5342 321 5412 ταύτης
340 5341 502 5416 ἀντέχεσθε.
528 5345 580 5408 leis
591 5345 697 5412 ταύτην
713 5343 830 5414 edcqre,
849 5338 933 5398 otto
967 5357 1007 5395 tt·

72 5408 125 5462 τὸν
144 5411 187 5481 μή
208 5411 325 5480 πάθητε.
1093 5409 1144 5470 ιθ)
1162 5407 1220 5461 cto.
1239 5403 1320 5470 epist.
1337 5404 1374 5456 ed
1391 5403 1472 5461 Fen.
1490 5403 1513 5468 l,
1533 5405 1558 5461 t.
1588 5460 1591 5468 ,

9 5489 194 5560 numm.
220 5499 327 5565 orsu.
349 5499 436 5565 Vos..
457 5499 567 5564 xvtt.
1486 5476 1536 5546 45

1058 5336 1267 5348 0———0—

1057 5169 1160 5242 facile
1180 5169 1371 5261 intelliget,
1397 5193 1470 5264 quo
1487 5169 1673 5264 dirigenda
1689 5191 1792 5240 mens
1813 5167 1860 5238 sit
1882 5164 1919 5236 in
1938 5163 2058 5235 imite-
2185 5167 2188 5173 '
