4676 5802
281 1396 446 1486 xlnv,
494 1396 625 1484 ,ll-li.
663 1393 832 1486 MEL.
877 1387 1462 1484 lmtuat’uuvn'rlo
1507 1309 2268 1486 LAvtNANnttttadttltits

570 1556 861 1646 Pleume!
902 1556 993 1643 DE
1024 1549 1355 1640 HEROUIAE
1396 1552 1490 1641 EX
1526 1547 2031 1692 xumott’floN'rm
2127 1677 2133 1686 ι
2192 1539 2224 1682 Ἰ

284 1812 399 1927 Alter
420 1861 516 1938 lorus,
550 1877 640 1940 quem
661 1857 837 1920 Melantbon
867 1876 907 1917 ex
927 1855 1129 1935 Xenophonte
1156 1853 1279 1914 latinum
1306 1852 1395 1930 feeit,
1431 1853 1559 1913 namatio
1586 1863 1633 1914 est
1659 1851 1699 1912 de
1720 1851 1854 1912 Hercule
1872 1831 2024 1930 Prodleio,
2059 1829 2132 1931 quoe
2156 1829 2271 1909 nrm

194 1989 205 1998 .
288 1947 408 2030 phorm
428 1946 666 2008 Memorabilium
688 1944 815 2008 &matis
837 1943 889 2002 lib.
907 1943 945 2004 ll.
968 1960 1032 2021 esp.
1047 1939 1078 2002 1.
1099 1935 1295 2019 §.il-34.
1316 1936 1373 1999 Ed.
1386 1937 1514 2002 'lbierm
1535 1940 1654 2019 legitor.
1697 1939 1790 2000 Huius
1811 1938 1987 2020 afflationis
2006 1934 2197 2016 interpretatio
2213 1935 2272 1994 utu

288 2029 488 2095 Melantbouir
509 2031 711 2094 tantummodo
732 2029 881 2090 invenitur
901 2029 931 2087 in
953 2027 1006 2088 illo
1027 2027 1103 2086 libro
1124 2043 1215 2104 supra
1236 2043 1268 2104 p.
1279 2021 1343 2088 691
1359 2024 1591 2104 sq..decoripto=
2050 2039 2053 2047 ·

414 2146 594 2212 oratiam
615 2166 664 2210 ea·
685 2143 831 2209 historio
856 2141 1063 2228 nummata
1084 2153 1117 2205 et
1138 2143 1342 2222 insigniores
1365 2140 1496 2222 aliquot
1521 2137 1755 2206 nemetense
1783 2150 1816 2202 et
1843 2137 1989 2204 azonam
2013 2135 2186 2202 θναιοηι
2202 2132 2272 2200 tro

305 2227 311 2240 ’
457 2254 590 2310 coron,
623 2251 806 2296 eonomine
837 2233 874 2292 in
903 2231 1048 2294 latinum
1074 2247 1254 2294 sermnem
1284 2246 1308 2288 o
1333 2224 1496 2312 Philippo
1524 2223 1771 2324 mousom..
1801 2225 1929 2305 Editor
1950 2245 1973 2288 o
1997 2222 2141 2326 Corpore
2160 2223 2273 2288 Pescen

311 2294 314 2304 .
337 2305 341 2317 ’
466 2313 676 2402 Wtebergae
696 2314 750 2386 Μ.
765 2316 812 2382 D.
826 2313 951 2381 LXII.
993 2315 1026 2380 8.

287 2437 320 2496 in
341 2456 399 2517 quo
420 2437 463 2497 rio
484 2449 532 2499 est
550 2439 707 2518 inscripta:
734 2435 783 2512 Ex
802 2436 932 2497 secundo
954 2435 1026 2496 libro
1049 2431 1253 2514 Xenophontis
1273 2432 1314 2494 de
1334 2432 1463 2496 Mentis
1484 2435 1681 2496 sermonibus.
1752 2443 1764 2459 ''

372 2836 674 2916 raonrcr
712 2835 796 2914 nu
836 2834 1161 2916 runcone
1207 2782 1587 2916 manuario
1628 2833 1719 2912 nx
1755 2831 2224 2913 xcvovuovvn

826 2973 1057 3038 PHILIPPO
1088 2975 1424 3039 MELANTHONE
1451 2972 1777 3036 lNTERPRETE·

281 3157 475 3273 Prodicus
506 3195 649 3288 sapiens
676 3195 716 3264 in
748 3193 882 3288 scripto
911 3197 955 3266 de
977 3195 1150 3282 Hercule,
1183 3197 1282 3292 quod
1430 3195 1614 3288 ,Dubitare
1631 3209 1666 3267 te
1685 3197 1856 3268 Hercules
1872 3191 1999 3282 video,
2023 3209 2142 3270 utram
2160 3193 2236 3264 viam
2251 3188 2279 3257 al

284 3298 450 3396 pluribus
466 3297 631 3369 similiter
644 3297 830 3382 recitavit,
862 3297 912 3370 sic
931 3297 1053 3393 inquit
1073 3300 1118 3370 de
1141 3298 1285 3385 virtute,
1335 3301 1447 3372 vitam
1462 3299 1687 3396 ingrediaris.
1717 3381 1719 3388 ¹
1747 3299 1808 3372 Me
1823 3323 1910 3372 vero
1925 3300 1956 3372 si
1973 3299 2042 3370 tibi
2056 3297 2230 3371 ductricem
2241 3292 2278 3361 al

288 3411 465 3498 quantum
482 3421 547 3491 ego
561 3399 723 3472 memini.
756 3397 855 3468 Dicit
867 3399 1072 3484 Herculem,
1098 3425 1179 3471 cum
1199 3404 1286 3473 ado·
1335 3404 1480 3496 iungas,
1505 3407 1634 3476 ducam
1650 3415 1685 3474 te
1699 3402 1738 3472 in
1760 3403 1858 3474 viam
1881 3402 2126 3475 dulcissimam
2147 3415 2178 3472 et
2196 3393 2279 3470 sacili

286 3507 425 3580 lescens
435 3515 537 3588 esset,
551 3525 593 3573 ea
603 3513 734 3588 aetate,
755 3525 848 3598 quae
861 3501 936 3571 iam
953 3503 1142 3574 ostendere
1157 3515 1288 3598 potest,
1336 3531 1453 3592 mam,
1478 3508 1517 3576 in
1539 3529 1611 3602 qua
1635 3505 1804 3592 omnihus
1820 3505 1957 3578 deliciis
1971 3505 2104 3578 frueris
2116 3518 2150 3577 et
2161 3497 2234 3574 nihl
2245 3520 2279 3568 et·

288 3633 337 3681 an
354 3606 467 3678 vitam
483 3630 564 3677 cum
580 3605 713 3678 virtute
730 3627 835 3698 agere
850 3605 949 3692 velit,
964 3619 1028 3678 aut
1041 3629 1088 3676 an
1104 3631 1170 3701 per
1186 3608 1287 3700 igna-
1337 3609 1487 3704 perieris
1501 3609 1662 3682 insuave.
1711 3607 1877 3684 Primum
1893 3633 1960 3681 nec
1974 3609 2163 3695 bellorum,
2184 3622 2280 3677 necne

286 3713 384 3783 viam
399 3710 603 3801 voluptates
618 3708 738 3804 sequi,
758 3731 939 3800 egressum
965 3733 1040 3782 esse
1062 3709 1101 3778 in
1124 3711 1287 3783 solitudi-
1337 3712 1519 3806 gotiorum
1536 3736 1622 3784 cura
1639 3724 1674 3782 te
1688 3713 1925 3794 excruciabit;
1955 3711 2019 3785 sed
2041 3737 2184 3810 quaeres
2201 3717 2281 3802 gratu

284 3839 383 3886 nem.
420 3809 567 3883 lbicum
584 3812 725 3884 sederet
739 3810 999 3904 cogitabundus
1016 3836 1058 3883 ac
1072 3814 1289 3899 deliberans,
1338 3816 1436 3887 cibos
1451 3829 1488 3886 et
1500 3829 1627 3910 potus,
1651 3827 1687 3885 et
1703 3815 1826 3891 oculos
1851 3815 2017 3891 iucundis
2039 3813 2227 3910 spectaculis
2244 3806 2282 3876 ol
2309 3805 2310 3846 ³

288 3929 411 3990 utram
430 3915 527 3985 viam
543 3913 811 4008 ingrederetur,
843 3915 972 4008 procul
995 3929 1219 3989 accesserunt
1241 3918 1288 3987 ad
1338 3918 1506 4002 lectabis,
1541 3919 1653 3991 odore
1669 3931 1704 3988 et
1718 3931 1817 3990 tactu
1841 3920 2000 3992 suaviter
2020 3918 2196 4002 afficieris,
2221 3913 2282 3983 tros
2309 3977 2310 3980 ,

290 4043 376 4092 eum
403 4019 496 4090 duae
524 4016 693 4090 mulieres
720 4039 913 4111 procerae,
955 4043 1110 4115 quarum
1141 4019 1289 4092 alterins
1337 4022 1388 4095 ris
1419 4023 1622 4109 amoribus,
1662 4033 1698 4092 et
1725 4021 1934 4096 mollissime
1967 4023 2146 4110 dormies,
2182 4030 2211 4090 et
2226 4011 2283 4085 luet

225 4163 238 4176 ·
290 4121 426 4217 species
454 4116 608 4192 honesta
633 4131 713 4191 erat
735 4131 771 4190 et
790 4119 969 4213 ingenuae
990 4134 1179 4195 matronae
1204 4147 1289 4196 con·
1337 4147 1448 4220 quiam
1470 4125 1623 4197 minimo
1647 4124 1770 4198 labore
1794 4125 2024 4222 adipisceris,
2063 4151 2106 4198 ac
2134 4117 2283 4218 siquam

285 4224 455 4308 veniens,
484 4222 661 4295 munditie
685 4224 848 4318 corporis
870 4225 1021 4310 decora,
1052 4227 1164 4299 oculis
1187 4249 1307 4298 vere--
1338 4227 1494 4321 suspicio
1516 4228 1671 4314 incidet,
1709 4229 1918 4304 defuturum
1943 4256 2019 4306 esse
2043 4229 2174 4327 aliquid
2192 4221 2283 4296 hortm

289 4331 429 4414 cunda,
461 4338 561 4421 gestu
587 4327 771 4415 modesta,
809 4339 907 4398 veste
934 4326 1100 4402 candida.
1163 4330 1288 4400 Altera
1338 4333 1543 4420 bonorum,
1583 4357 1659 4404 non
1685 4345 1845 4421 metuas,
1884 4359 1931 4407 ne
1960 4336 2091 4408 ducam
2118 4347 2151 4405 te
2179 4354 2230 4413 eo,
2260 4332 2285 4393 vl

289 4445 369 4504 erat
382 4427 567 4525 pinguiori
582 4454 735 4525 corpore
748 4444 786 4502 et
800 4431 940 4515 iurata,
965 4442 1008 4504 ut
1028 4433 1163 4504 candor
1180 4445 1289 4505 etru·
1339 4434 1464 4507 labore
1489 4435 1652 4529 corporis
1674 4429 1710 4506 et
1732 4437 1846 4508 animi
1864 4433 1954 4511 haec
1982 4463 2107 4534 paren
2145 4435 2199 4510 scd
2221 4427 2284 4503 d³b⁰

287 4534 359 4606 bor
372 4535 412 4604 in
424 4533 515 4605 facie
529 4532 649 4605 maior
663 4545 774 4620 esset,
807 4556 917 4630 quam
933 4535 1078 4610 nativus
1093 4560 1167 4609 esse
1181 4537 1289 4618 solet;
1339 4539 1491 4611 buenda
1507 4539 1628 4610 alieno
1642 4539 1767 4612 labore
1780 4553 1905 4634 parta,
1930 4566 1997 4614 nec
2011 4544 2057 4615 ab
2073 4539 2144 4614 ulla
2158 4561 2193 4610 re
2212 4527 2284 4606 obsti
2309 4577 2310 4618 t

289 4635 448 4710 incessus
475 4659 563 4708 vero
596 4634 699 4723 talis,
736 4649 779 4710 ut
807 4636 992 4710 videretur
1020 4639 1136 4732 magis
1162 4641 1290 4726 ardua,
1338 4641 1465 4729 nebis,
1499 4668 1542 4716 ex
1568 4667 1640 4740 qua
1656 4641 1791 4715 lucrari
1805 4645 2027 4740 voluptatem
2042 4641 2181 4741 poteris.
2221 4635 2284 4712 llam

292 4761 404 4836 quam
412 4752 510 4825 erat,
536 4739 632 4812 oculi
647 4739 783 4834 passim
799 4753 982 4834 vagantes,
1008 4741 1155 4836 vestitus
1171 4745 1289 4838 splen·
1340 4747 1531 4820 comitibus
1555 4746 1646 4822 meis
1668 4747 1827 4822 concedo
1846 4749 1992 4826 delicias
2015 4749 2233 4841 undecunque
2250 4759 2284 4812 m

290 4841 409 4914 didus.
460 4837 559 4914 ilaec
574 4856 699 4917 etsese
713 4841 791 4938 ipsa
806 4843 1147 4940 circumspectabat,
1181 4861 1218 4920 et
1234 4871 1289 4919 re-
1338 4875 1450 4924 mere.

293 4943 488 5040 spiciebat,
513 4967 561 5015 an
574 4957 610 5017 et
627 4945 690 5016 alii
706 4969 786 5018 eam
808 4948 1158 5043 contemplarentur,
1182 4975 1290 5046 saepe
1441 4951 1540 5024 llaec
1562 4977 1644 5026 cum
1666 4953 1825 5029 audisset
1846 4953 2037 5043 Hercules,
2068 4975 2193 5028 nomen
2210 4948 2284 5018 inm·

288 5061 326 5122 et
339 5047 507 5120 umbram
520 5071 624 5120 suam
639 5051 890 5124 contuebatur.
942 5050 1035 5124 Cum
1054 5062 1174 5126 autem
1190 5067 1290 5128 utra·
1339 5068 1445 5150 rogat
1457 5055 1631 5132 mulieris.
1680 5053 1745 5130 Illa
1765 5057 1892 5152 igitur:
1918 5059 2045 5134 'Amici
2066 5084 2124 5131 me
2143 5043 2286 5128 beatitud

234 5215 238 5222 .
293 5173 365 5248 que
388 5174 465 5221 non
490 5151 620 5246 procul
641 5151 799 5241 abesset,
840 5155 1040 5229 modestior
1066 5157 1128 5227 illa
1161 5159 1290 5231 eodem
1339 5185 1443 5246 nem,
1481 5158 1620 5256 inquit,
1661 5162 1871 5246 nominant;
1908 5162 2047 5236 inimici
2069 5185 2172 5247 vero,
2202 5167 2234 5229 ut
2249 5167 2285 5222 ml

291 5254 404 5326 ruodo
431 5255 666 5348 procedebam
707 5258 820 5330 altera
848 5282 935 5332 vero
963 5271 1006 5333 ut
1038 5273 1291 5349 anteverteret,
1340 5263 1567 5358 vituperent,
1588 5264 1785 5359 ignaviam.

294 5355 460 5428 celeriter
483 5358 640 5434 accurrit
661 5361 709 5434 ad
731 5359 946 5450 Herculem,
985 5375 1023 5438 et
1046 5364 1151 5461 prior
1171 5365 1290 5440 dicere
1444 5363 1585 5440 lnterea
1608 5369 1757 5442 accessit
1770 5381 1807 5442 et
1823 5369 1955 5442 altera:
1989 5365 2036 5442 Et
2059 5393 2126 5464 ego
2145 5365 2186 5438 ad
2205 5373 2232 5432 te
2247 5374 2284 5422 tt

293 5458 425 5552 coe1³5²·
1340 5469 1428 5557 nio,
1452 5493 1550 5568 quae
1572 5470 1661 5544 novi
1680 5485 1717 5546 et
1735 5471 1894 5548 maiores
1918 5485 2020 5560 tuos,
2052 5485 2088 5545 et
2109 5485 2197 5544 tuam
2215 5469 2285 5534 neit
