4582 5798
261 187 362 284 san
531 257 536 268 ,
840 177 965 256 ann.
999 177 1114 254 rur.
1146 125 1725 277 scnwra'ruuonoatca.
2167 188 2224 268 aaa

263 419 274 430 .
363 355 475 430 Vobis
491 368 611 428 autern
626 349 696 426 boc
709 354 836 426 foedus
852 348 1045 428 honestum
1068 351 1139 424 erit
1162 353 1254 424 mul·
1308 347 1511 446 vesuos'),
1544 362 1583 422 et
1606 349 1733 424 sinetis
1764 371 1827 425 eos
1853 347 2021 445 meere!
2034 373 2073 425 er
2096 368 2228 430 sumre
2262 381 2263 412 t

258 469 304 542 tis
319 461 450 546 modis,
465 459 624 554 primum
638 455 722 553 quia
736 457 935 530 defendetis
948 454 1081 528 iniuria
1096 455 1255 539 affectos,
1309 453 1436 547 gione,
1451 454 1550 550 quod
1566 453 1737 527 iniustum
1755 466 1820 528 est.
1852 453 1996 528 Rectius
2012 469 2061 528 est
2072 470 2167 529 auten
2177 483 2229 554 pre-

258 591 336 644 m
354 564 524 638 neenec
547 559 737 640 iniuriam
772 561 903 634 deinde
927 559 1012 656 quia
1033 581 1101 632 noe
1127 581 1256 656 perpe-
1307 551 1451 643 lribere,
1475 579 1523 628 ne
1537 559 1713 652 apudvoe
1729 557 2085 644 mmmcnitito,
2105 583 2139 631 ae
2155 563 2229 656 potin

258 689 324 748 tuo
351 689 532 740 memores
556 663 690 736 erimus
722 657 828 736 buius
861 661 1037 736 beneficii.
1103 661 1253 734 Etcum
1307 660 1415 733 nobis
1427 659 1591 746 mittere,
1613 663 1707 732 fecta
1722 661 1844 755 palam
1860 661 2038 736 societate.

259 779 408 850 classem
421 767 618 842 habeamus
639 765 833 838 maximam
858 777 941 860 post
964 779 1142 852 vestram,
1169 789 1255 836 con·
1410 761 1592 836 Utilitates
1605 785 1693 836 vero
1709 765 1842 838 multae
1858 777 1943 840 sunt
1956 766 1995 836 in
2007 761 2071 836 hac
2084 787 2134 850 re,
2152 765 2231 835 otii
2262 723 2263 814 l

257 872 431 960 siderate,
457 893 566 969 qnam
584 867 631 942 sit
645 867 744 943 utilis
759 869 978 942 coniunctio.
1029 867 1163 962 Magna
1178 866 1255 938 feli-
1308 863 1361 935 tio
1374 865 1603 952 monuimus,
1620 891 1775 964 quarum
1791 869 1984 962 praecipua
2000 879 2071 952 est,
2085 869 2163 964 qnod
2173 893 2230 938 con
2262 857 2263 898 ¹

259 983 348 1056 citas
378 975 447 1048 erit
470 987 506 1046 et
524 971 687 1046 hostibus
712 973 875 1066 ingrata,
914 971 946 1044 si
966 972 1127 1066 potentia
1152 969 1254 1042 vobis
1306 991 1434 1042 munes
1458 967 1596 1040 inimici
1616 984 1701 1043 sunt
1725 973 1830 1044 nobis
1852 985 1888 1044 et
1909 971 2031 1058 vobis,
2063 983 2095 1040 et
2111 971 2230 1040 validiad
2262 987 2263 1050 ff

258 1087 355 1162 ultro
386 1079 548 1163 accedet,
586 1073 663 1150 sine
703 1089 822 1148 vestro
851 1074 1012 1170 periculo
1036 1087 1073 1148 et
1096 1087 1255 1168 sumptu,
1306 1059 1524 1148 nocendum.
1575 1073 1739 1171 Cumque
1754 1074 1857 1150 vobis
1871 1073 2233 1158 offeramrsociadaoi,

259 1211 370 1288 quam
386 1208 450 1256 vos
466 1202 619 1274 magnae
633 1177 808 1271 pecuniae
825 1192 861 1250 et
883 1165 1020 1270 grafiae
1044 1178 1125 1250 loco
1149 1177 1254 1250 aesti-
1306 1197 1382 1246 non
1397 1175 1560 1270 potentia
1575 1177 1860 1264 mediterranea,
1883 1203 1960 1255 non
1974 1177 2096 1252 similis
2113 1200 2190 1248 causa
2202 1187 2233 1246 cst
2262 1223 2263 1246 r

258 1290 387 1373 matis,
410 1297 446 1357 et
459 1281 549 1356 haec
564 1281 717 1353 accessio
734 1281 837 1354 vobis
851 1281 1004 1376 gloriam
1020 1293 1057 1354 et
1076 1279 1172 1353 vires
1191 1303 1254 1350 au·
1306 1278 1511 1372 negligendi
1523 1279 1613 1352 tales
1630 1279 1758 1354 socios.
1809 1282 1914 1363 Nam,
1923 1281 1956 1356 si
1976 1282 2054 1352 lieri
2072 1293 2182 1372 poscet,
2198 1301 2263 1346 vo*

258 1407 336 1490 geu
363 1389 460 1483 apud
475 1411 542 1459 nos
557 1407 666 1469 vero,
691 1384 822 1482 quibus
840 1408 947 1478 opem
960 1385 1073 1471 fertis,
1087 1383 1255 1477 gratiam,
1306 1380 1362 1455 bis
1376 1383 1634 1475 perficiendum
1651 1398 1749 1470 erat,
1774 1408 1820 1460 ne
1835 1384 1962 1460 civitas
1974 1385 2048 1456 nlla
2061 1383 2124 1454 alia
2141 1383 2234 1452 claren

258 1520 354 1596 quae
380 1491 502 1562 omnia
524 1487 648 1583 paucis
669 1488 777 1560 simul
799 1487 1046 1580 contigerunt,
1077 1485 1254 1584 paucique
1307 1479 1467 1558 haberet.
1530 1485 1602 1558 Sed
1625 1511 1707 1559 cnm
1731 1483 1803 1560 boc
1820 1489 1899 1560 fieri
1920 1511 1998 1558 non
2021 1486 2138 1582 possit,
2161 1481 2263 1576 proxi*

257 1603 425 1680 fuerunt,
456 1592 519 1689 qni
543 1590 747 1663 societatem
770 1602 930 1686 petentes
953 1615 1030 1664 non
1050 1590 1170 1664 minus
1192 1591 1255 1660 da·
1305 1613 1408 1660 mum
1423 1602 1496 1675 est,
1521 1603 1563 1660 ut
1579 1592 1682 1663 vobis
1695 1590 1898 1685 adiungatis
1911 1592 2047 1676 socios,
2070 1587 2125 1686 qui
2139 1585 2236 1658 narina

259 1713 342 1778 r'ent
357 1693 530 1794 praesidii
548 1707 583 1766 et
600 1693 825 1780 ornamenti,
851 1719 960 1790 quam
977 1693 1212 1788 accipiebant.
1309 1692 1434 1762 valent
1450 1693 1574 1765 classe.

363 1802 402 1876 si
415 1799 496 1896 quis
519 1811 640 1872 autem
662 1796 861 1882 existimat,
892 1797 995 1870 vobis
1017 1821 1093 1871 non
1117 1797 1255 1890 impen·
1409 1791 1449 1866 Si
1461 1795 1542 1892 quis
1557 1808 1677 1868 autern
1693 1793 1871 1868 existimat
1885 1794 1975 1869 haec
1985 1798 2031 1868 de
2045 1795 2174 1868 utilitate
2183 1801 2247 1888 rea

258 1911 345 1980 dere
372 1903 529 1986 bellum,
567 1913 684 1985 errat,
731 1925 798 1972 nec
826 1899 923 1971 videt
949 1899 1255 1972 Lacedaemonios
1307 1894 1398 1982 dici,
1423 1899 1486 1970 sed
1500 1899 1648 1986 metuit,
1673 1923 1719 1972 ne
1735 1901 1880 1972 foedera
1904 1900 2151 1981 dissolvantur,
2170 1889 2237 1966 isla

259 2023 359 2094 metu
378 2018 519 2080 vestrae
543 2003 725 2098 potentiae
748 2027 805 2077 res
828 2026 942 2082 novas
964 2003 1107 2088 moliri,
1133 2017 1169 2074 et
1186 2002 1255 2076 Co·
1308 2001 1528 2087 consideret,
1555 2004 1654 2098 qnod
1668 2004 1833 2076 diffidens
1849 2003 1988 2076 foederi
2013 2001 2121 2094 magis
2138 2001 2238 2072 deterat

259 2109 415 2188 cinthius
446 2131 512 2202 per
541 2131 617 2180 sese
647 2106 787 2179 validos
811 2119 847 2177 et
869 2107 973 2180 vobis
996 2107 1162 2180 inimicos
1184 2103 1255 2178 hoc
1308 2101 1486 2178 inimicos.
1538 2106 1674 2179 Contra
1691 2131 1799 2192 vero,
1825 2106 1902 2180 sine
1916 2120 2019 2180 metu
2037 2129 2129 2188 esse,
2150 2115 2177 2172 et
2191 2121 2238 2168 cau

259 2240 386 2310 agere,
412 2237 492 2284 cum
506 2234 574 2283 nos
591 2209 788 2292 invadunt,
812 2221 932 2281 utros
947 2222 1193 2295 antevertant,
1208 2233 1254 2280 ne
1307 2206 1418 2278 fidere
1431 2209 1657 2296 foederibus,
1683 2234 1749 2281 nec
1764 2210 1924 2304 recipere
1940 2210 2033 2282 alios
2047 2208 2165 2290 socios,
2184 2203 2239 2271 inlr·

259 2321 544 2410 coniungamur,
575 2338 666 2384 neve
686 2314 857 2385 alterutra
872 2337 935 2408 spe
959 2315 1177 2386 frustrentur
1193 2326 1256 2385 aut
1309 2309 1416 2383 mitae
1431 2323 1484 2386 est
1497 2325 1623 2383 contra
1638 2313 1872 2408 potentiores.
1924 2313 2001 2388 Nec
2017 2337 2099 2383 vero
2117 2305 2239 2384 solundt

259 2420 415 2496 nocendi
429 2417 554 2503 nobis,
579 2429 642 2487 aut
664 2441 739 2490 sese
762 2417 1036 2490 corroborandi.
1088 2417 1168 2488 Erit
1190 2415 1256 2510 igi-
1309 2409 1487 2510 Corcyra,
1512 2415 1575 2488 sed
1590 2417 1634 2487 de
1650 2417 1736 2510 ipsis
1751 2413 1902 2490 Athenis
1918 2418 1992 2488 iam
2008 2411 2192 2487 deliberatio
2205 2419 2239 2476 est

259 2541 320 2610 tur
335 2537 493 2596 vestrum
508 2521 625 2590 facere
640 2519 846 2592 societatem
862 2520 967 2592 nobis
982 2521 1204 2616 petentibus,
1221 2533 1257 2592 et
1308 2514 1437 2604 Errat,
1468 2517 1594 2618 siquis
1609 2519 1770 2612 cogitans
1791 2521 1835 2590 de
1857 2521 1952 2591 bello
1973 2544 2051 2590 non
2070 2519 2188 2598 artus,
2207 2509 2241 2580 sel

259 2626 331 2706 illis
345 2625 465 2722 potius
479 2621 611 2696 terrori
626 2647 719 2712 esse,
733 2648 843 2720 quam
858 2637 981 2717 postea
999 2625 1130 2696 auxilia
1146 2647 1256 2722 quae·
1308 2632 1410 2692 moto
1435 2620 1528 2709 iam,
1560 2623 1703 2696 dubitat
1725 2623 1884 2718 recipere
1893 2646 1898 2710 g
1911 2625 2050 2709 socios,
2082 2620 2139 2717 qui
2156 2630 2182 2688 et
2196 2637 2242 2707 pre

211 2823 215 2830 ⁵
261 2757 342 2808 rere
359 2729 460 2800 illato
478 2739 630 2800 terrore.
1308 2723 1409 2796 desse
1425 2725 1586 2798 adiuncti
1598 2727 1796 2820 plurimum
1813 2739 1985 2820 possunt,
2015 2740 2052 2798 et
2070 2745 2180 2796 nocere
2196 2739 2243 2787 na

363 2831 403 2905 si
417 2845 538 2904 antem
556 2830 677 2901 dicent
692 2827 865 2899 iniustum
889 2853 964 2901 esse
985 2829 1146 2922 recipere
1171 2827 1256 2900 alie·
1309 2827 1422 2899 iuncti
1444 2854 1525 2901 cum
1548 2825 1723 2902 hostibus.
1775 2830 1852 2902 Sita
1875 2844 1928 2903 est
1950 2829 2050 2901 enim
2064 2829 2195 2919 Corcyra
2208 2843 2243 2910 “l

259 2963 325 3012 nas
340 2929 617 3020 colonias,·boc
634 2931 878 3018 considerent,
902 2933 1083 3004 coloniam
1109 2933 1159 3004 ita
1181 2955 1256 3002 me·
1309 2943 1465 3024 portune
1489 2935 1536 3003 ad
1560 2934 1748 3006 traiectum
1773 2935 1812 3004 in
1832 2931 1973 3005 ltaliam
1998 2930 2243 3009 castelliano

260 3036 587 3138 tropolihonorem
605 3037 754 3120 debere,
778 3033 809 3106 si
824 3061 900 3107 non
916 3037 1092 3108 afficiatur
1110 3034 1255 3122 iniuria,
1310 3037 1611 3108 transvectionem
1640 3035 1859 3109 exercituum
1890 3039 1976 3110 inde
2010 3037 2049 3107 in
2079 3035 2242 3125 Peloponne

259 3147 324 3220 sed
350 3142 493 3214 iniuriis
522 3139 713 3211 alienatur.
771 3137 984 3212 Educuntur
1012 3140 1108 3211 enim
1135 3139 1256 3210 coloni
1309 3162 1389 3209 surn
1404 3139 1458 3238 ⁸),
1490 3152 1554 3211 aut
1573 3165 1617 3212 eo
1638 3165 1680 3212 ex
1700 3141 1951 3234 Peloponneso
1983 3139 2151 3236 impedire
2168 3127 2243 3228 petil

260 3272 336 3320 non
356 3257 398 3316 ut
416 3243 672 3337 opprimantur
687 3242 878 3325 servitute,
910 3243 972 3314 sed
993 3255 1035 3314 ut
1056 3267 1161 3336 pares
1184 3243 1257 3315 sint
1309 3243 1405 3311 etad
1420 3243 1510 3316 alias
1531 3244 1703 3316 utilitates
1727 3258 1934 3337 opportuna
1958 3258 2025 3316 est.
2077 3240 2242 3332 Deniquet¹

259 3348 443 3448 prioribus
459 3344 607 3416 civibus.
1309 3339 1377 3414 hac
1391 3345 1493 3414 brevi
1508 3370 1649 3418 summa
1666 3371 1879 3439 cognoscere
1898 3348 2049 3440 potestis
2063 3371 2125 3417 nos
2138 3363 2196 3412 non
2210 3335 2242 3403 dc

364 3449 475 3546 Quod
491 3458 611 3518 autem
635 3469 703 3516 nos
724 3442 856 3514 iniuria
880 3444 1082 3531 affecerint,
1109 3447 1256 3516 manife-
1309 3447 1479 3519 serendos
1496 3473 1582 3522 esse.
1614 3449 1751 3523 Classes
1766 3451 1965 3522 inGraecia
1983 3462 2058 3522 tres
2070 3459 2146 3522 sunt
2157 3433 2242 3529 magni

259 3568 355 3632 stum
370 3567 442 3638 est,
468 3550 577 3649 quia,
596 3573 678 3622 cum
701 3548 747 3617 ad
771 3545 942 3633 iudicium
964 3573 1256 3646 provocaremus,
1308 3549 1514 3636 faciendae,
1549 3565 1688 3636 vestra,
1720 3565 1843 3630 nostra
1868 3565 1904 3626 et
1919 3550 2119 3626 Corinthia.
2164 3534 2242 3616 lanti

260 3661 316 3732 illi
344 3656 454 3730 armis
486 3663 623 3724 certare
654 3651 882 3724 maluerunb'
930 3652 1013 3746 Qua
1040 3675 1084 3723 ex
1107 3675 1147 3724 re
1171 3675 1256 3724 con·
1309 3652 1398 3726 duas
1414 3653 1585 3747 coniungi
1605 3655 1748 3740 sinetis,
1780 3669 1816 3726 et
1829 3651 2012 3728 Corinthii
2034 3655 2195 3749 potientur
2208 3663 2242 3711 na

261 3763 434 3835 iecturam
449 3757 574 3840 facite,
591 3767 672 3826 cnm
689 3754 777 3826 ta'les
793 3755 928 3826 fuerint
942 3779 1026 3848 erga
1043 3775 1110 3829 nos
1125 3781 1256 3850 cogna-
1308 3767 1385 3826 stra·
1399 3758 1528 3843 classe,
1555 3759 1735 3831 difficilius
1749 3739 2052 3833 vobn'esrcamen
2066 3777 2140 3830 com
2157 3749 2242 3822 duur

157 3927 168 3954 ,
261 3879 337 3949 tos,
364 3886 408 3932 ne
424 3858 542 3952 decipi
558 3883 622 3930 vos
644 3856 789 3942 sinatis,
817 3883 898 3930 curn
920 3853 1184 3946 hortabuntur,
1209 3885 1255 3931 ne
1309 3858 1390 3932 erit.
1441 3861 1592 3932 sivero
1614 3887 1681 3935 uos
1704 3865 1912 3956 receperitis
1933 3864 1971 3934 in
1994 3863 2196 3936 societatem,
2213 3869 2243 3914 tt·

260 3960 366 4040 nobis
380 3960 620 4060 opitulemini.
669 3959 953 4036 'listissimuscst
967 3961 1083 4049 enim,
1110 3963 1255 4059 quimi-
1310 3975 1383 4035 stra
1400 3965 1560 4056 potentia
1577 3965 1648 4036 erit
1663 3965 1793 4038 maior.

260 4069 401 4143 nimum
414 4065 636 4162 gratificatur
648 4061 824 4136 hostibus.
1621 4137 1630 4156 ι
1788 4137 1798 4156 .

362 4171 438 4246 Nec
468 4167 649 4240 violabitis
672 4167 820 4253 foedus,
854 4168 953 4262 qnod
973 4192 1054 4239 cum
1077 4167 1255 4239 Lacedae·
1500 4137 1664 4210 ΟΜΝ)
1691 4135 2045 4211 C⁰¹¹¹¹¹hl⁰¹⁰¹¹¹
2071 4139 2114 4236 ')·

262 4275 393 4377 moniis
407 4276 541 4346 faetu'm
559 4282 631 4355 est,
664 4271 776 4344 sinos
791 4269 988 4363 recipietis,
1023 4273 1086 4367 qui
1109 4286 1256 4345 neutro·
1412 4273 1504 4346 Cum
1519 4273 1714 4370 Corcyraei
1726 4299 1804 4346 non
1818 4271 1888 4346 boc
1902 4299 2016 4348 nuum
2040 4273 2178 4369 egerint,
2197 4275 2243 4338 uta

260 4403 342 4453 rnm
362 4377 450 4452 socii
475 4401 609 4452 sumus.
661 4373 835 4467 Expresse
857 4373 955 4444 enim
980 4375 1019 4443 in
1037 4375 1181 4446 foedere
1203 4375 1256 4446 di·
1310 4375 1413 4450 vobis
1440 4379 1706 4472 reciperentur,
1736 4380 1799 4452 sed
1826 4404 1895 4453 nos
1916 4380 2025 4451 etiam
2047 4367 2243 4450 accusaveritl

260 4498 357 4556 ctum
374 4493 447 4568 est,
468 4480 500 4555 si
518 4502 588 4578 qua
603 4478 825 4551 Graecarum
840 4475 1026 4550 civitatum
1042 4479 1179 4551 nonsit
1200 4503 1257 4550 so·
1310 4492 1346 4552 et
1367 4481 1486 4576 questi
1506 4482 1580 4555 sint
1598 4507 1665 4556 nos
1686 4483 1819 4558 iniuste
1843 4484 1979 4556 bellum
2000 4481 2162 4564 movisse,
2188 4484 2242 4543 21⁵²

207 4651 210 4658 .
261 4583 469 4670 c'iat,²liccre
484 4584 520 4670 ⁴ei
536 4585 582 4654 ad
598 4595 701 4656 utros
715 4582 834 4666 volet,
850 4581 962 4652 bbere
979 4585 1159 4656 accedere.
1210 4581 1258 4654 Et
1309 4583 1444 4661 iniuria
1462 4585 1575 4670 affici,
1600 4609 1743 4660 necesse
1758 4599 1812 4659 est
1825 4611 1892 4660 nos
1914 4589 1960 4660 de
1981 4582 2051 4658 hae
2075 4575 2241 4658 accuratiott

260 4685 449 4782 indignum
466 4699 575 4774 esset,
600 4685 631 4761 si
648 4684 720 4757 illis
736 4683 819 4755 licet
834 4707 878 4756 cx
892 4679 1083 4760 socialibus
1104 4685 1257 4756 civitati-
1309 4685 1469 4782 primum
1485 4690 1625 4776 dicere,
1647 4715 1690 4762 ac
1702 4690 1831 4762 deinde
1846 4693 1893 4762 ad
1906 4691 2083 4787 reliquam
2098 4683 2239 4760 orationelt

259 4793 328 4866 bus
350 4795 451 4872 etex
471 4791 609 4886 reliqna
633 4788 805 4875 Graecia,
838 4800 874 4859 et
897 4813 940 4859 ex
954 4790 1086 4862 'vestris
1105 4789 1256 4862 subditis
1310 4791 1498 4878 accedere,
1522 4805 1563 4866 ut
1575 4807 1612 4866 et
1626 4806 1787 4868 nostram
1807 4793 2019 4888 petitionem
2040 4792 2157 4882 rectius
2175 4798 2239 4874 Ψ
2262 4859 2263 4894 ,

259 4903 370 4970 nares
383 4907 548 4979 armare,
574 4893 677 4966 vobis
700 4893 858 4964 oblatam
880 4893 1086 4965 societatem
1111 4905 1147 4964 ct
1167 4893 1257 4966 alias
1320 4947 1526 4966 ...........
2262 4895 2263 4900 ’

256 4983 431 5074 utilitates
461 4995 695 5082 interdicere,
727 5010 763 5067 et
790 4995 891 5066 vobis
921 5007 1095 5092 tanquam
1120 4995 1256 5067 crimen
1343 5024 1376 5090 ς)
1393 5027 1520 5080 urnam·
1538 5029 1666 5088 vneror]
1682 5025 1727 5079 rte
1742 5025 1772 5080 ur
1796 5025 1861 5090 lpse
1885 5027 2054 5080 mederet
2080 5026 2098 5076 t
2121 5001 2239 5084 sedwa?

258 5103 437 5188 obiicere,
471 5100 502 5173 si
525 5101 632 5172 nobis
654 5097 919 5171 adsentiamini.
977 5101 1025 5173 At
1048 5113 1173 5172 contra
1201 5100 1257 5172 iu·
1379 5098 1459 5150 ΝΜ
1476 5097 1540 5150 ΗΜ
1556 5099 1612 5149 ⁰¹¹⁰
1629 5097 1722 5149 eutem
1738 5095 1813 5147 ¹⁰⁸⁰?
1831 5097 1998 5162 efflata&
2014 5107 2065 5160 prs
2082 5093 2177 5145 ”tm
2193 5073 2238 5128 “l

259 5202 348 5279 alius
362 5219 453 5278 esset
467 5218 569 5276 'vora
584 5203 691 5275 nobis
705 5202 875 5274 accrrsari.
902 5199 1077 5275 Iniustum
1092 5215 1145 5276 est
1158 5203 1255 5274 enim
1380 5169 1474 5218 ''⁰²²¹“
1491 5167 1618 5220 ''mm''
1654 5165 1824 5230 ”mm
1842 5168 1929 5282 'mi
1945 5167 2026 5218 eunte
2042 5149 2237 5272 *ww

1342 5269 1375 5331 t)
1400 5267 1619 5332 Peloponneson
1644 5269 1713 5330 etc]
1742 5267 1786 5320 stc
1817 5267 1981 5333 scripsimus
2009 5287 2045 5316 =
2073 5255 2237 5318 nemim·

260 5301 428 5378 homines
459 5307 704 5399 periclitantes
729 5318 764 5375 et
788 5303 891 5375 vobis
913 5327 990 5375 non
1012 5305 1178 5377 inimicos
1200 5329 1257 5376 re·
1379 5337 1872 5402 ra,1m,mse;1³010,0„m
1888 5343 1941 5394 stc

262 5406 361 5496 pelli.
411 5403 643 5478 Deindeboc
664 5408 752 5490 flet,⁸
769 5427 846 5476 non
864 5407 1069 5500 reprimeris
1083 5408 1256 5482 inimicos
1342 5442 1375 5501 a)
1393 5439 1516 5506 riceyo.
1533 5439 1562 5508 1,
1579 5438 1616 5494 et
1632 5467 1667 5486 -
1684 5437 1727 5494 st.
