4548 5788
162 257 167 267 .
228 185 304 296 sis
834 209 958 282 rim.
986 205 1100 281 urs..
1126 200 1330 279 senum
1356 197 1694 274 amnonocrcx.
1773 153 1780 162 ’
2169 199 2219 274 sn

229 389 309 460 aliis
329 347 385 460 ius
407 411 551 482 quoque
575 385 804 457 tribuendum
831 398 896 455 est.
947 381 1113 476 Largitus
1134 405 1226 463 sum,
1278 374 1429 470 gratiam
1446 374 1625 458 referunt,
1660 371 1773 466 magis
1786 371 1937 442 laudant
1954 391 2059 464 quam
2077 371 2223 463 erumpi
2258 377 2259 446 ζ

228 505 420 586 propterea
451 491 601 572 laudor,
639 511 756 581 neque
787 499 937 579 propter
967 509 1029 570 ea,
1063 507 1156 578 quae
1180 485 1225 552 de
1278 491 1484 550 coronatur.
1536 478 1618 573 Qua
1633 480 1678 547 de
1703 497 1808 547 causa
1828 475 1942 566 legem
1966 497 2044 541 eam
2068 473 2223 562 respublica
2258 475 2259 480 ’

228 619 311 666 meo
325 594 429 676 dedi,
454 617 532 664 sum
551 591 737 661 obnoxius.
795 587 837 659 lu
856 587 1068 680 magistratu
1083 587 1155 670 lui,
1181 587 1225 655 de

230 699 447 770 curationes
465 694 590 778 retuli,
616 717 691 762 non
709 694 752 761 de
769 689 832 776 iis,
859 715 951 786 quae
973 691 1122 780 largitus
1145 713 1223 760 sum

229 799 485 872 mediusfidius.
537 797 586 866 At
600 797 693 865 male
710 795 800 886 gessi
823 793 1099 888 magistratum?
1152 791 1226 861 Cur

229 925 317 973 vero
333 915 394 985 tu,
421 899 484 996 qui
503 900 661 982 adesses,
695 923 775 969 cum
802 921 859 966 me
885 910 1092 992 quaestores
1112 896 1226 964 intro-

1278 583 1377 662 tulit;
1404 583 1465 653 sed
1483 581 1598 673 ipsam
1614 603 1700 673 cape
1717 574 1807 648 mihi
1822 578 1958 668 legem,
1982 589 2018 644 et
2034 575 2146 644 recita.

1704 753 1779 822 Le
1807 774 1847 820 s.

1380 893 1521 976 Quando
1536 902 1699 960 coronant
1712 891 1858 983 aliquem
1871 887 2001 975 privati
2020 887 2057 954 in
2071 885 2186 972 populo,
2204 887 2227 950 ts

228 1007 413 1086 ducerent,
439 1027 514 1071 non
533 999 745 1072 accusabas?
781 999 832 1068 Ut
846 1011 964 1069 autem
982 998 1100 1071 sciatis
1117 999 1224 1068 istum
1274 994 1773 1083 priuatatribnproelametars
1801 987 2140 1077 siueropopnlsssant
2151 987 2229 1054 Sena-

226 1108 346 1200 ipsum
362 1104 542 1176 testificari
557 1100 668 1187 mihi,
694 1127 752 1172 me
771 1103 817 1172 ob
838 1125 878 1170 ea
905 1127 978 1174 esse
1002 1123 1135 1172 corona
1161 1103 1226 1170 do·
1276 1107 1332 1166 eas
1353 1105 1517 1165 emanant
1536 1097 1618 1164 lene
1639 1099 1777 1165 meritas
1796 1095 1839 1164 ae
1857 1090 2049 1180 republica,
2082 1091 2231 1158 comeditur

228 1221 375 1291 natum,
419 1220 569 1300 propter
600 1229 693 1302 qnae
725 1205 884 1276 rationes
908 1203 996 1275 mihi
1021 1204 1226 1274 reddendae

229 1335 304 1382 non
329 1314 492 1382 luerunt:
536 1333 623 1402 cape
647 1321 682 1378 et
703 1308 812 1377 recita
838 1320 953 1384 totum
975 1312 1157 1378 decretum
1182 1308 1226 1375 de

1278 1200 1354 1270 illes
1367 1202 1405 1268 in
1419 1199 1550 1268 theatro
1565 1201 1602 1266 in
1619 1201 1801 1287 Dionysiie
1814 1194 2038 1284 proclamare.

1381 1333 1495 1403 Audis
1510 1325 1687 1404 Aeschine
1702 1333 1816 1424 legem
1835 1331 2032 1399 dicentem:
2059 1329 2101 1397 Si
2116 1349 2182 1420 qnos
2191 1348 2232 1412 pa-
2259 1315 2260 1322 ἵ

230 1438 289 1484 me
311 1416 459 1484 lactum.
517 1411 626 1506 Quod
648 1410 744 1481 enim
772 1412 1119 1482 senatusconsultum
1150 1431 1227 1478 non
1276 1435 1378 1526 μίαν,
1396 1446 1457 1507 a„
1483 1439 1633 1508 Suum„
1655 1437 1830 1507 compi,
1851 1431 1986 1526 ecc.”).
2049 1427 2140 1522 Quid
2160 1428 2233 1518 pgpu,

230 1517 421 1599 accusavit,
442 1540 485 1584 eo
499 1515 577 1608 ipso
594 1514 891 1584 calumniatorem
909 1539 990 1585 eum
1008 1537 1125 1604 agere,
1150 1536 1227 1582 non

230 1631 475 1691 accusatorem
498 1616 689 1687 constabit.

581 1793 618 1861 D
631 1815 649 1860 e
665 1815 684 1862 c
699 1815 720 1861 r
732 1814 752 1857 e
766 1799 780 1860 t
794 1814 817 1859 n
832 1813 877 1860 m.

333 1931 496 1997 Praetcre
512 1925 679 2014 Enchyele
696 1921 755 1993 19.
769 1927 825 1994 die
845 1923 998 1994 Octobris
1012 1923 1105 1992 trihu
1124 1942 1229 2008 prae·

129 2085 136 2096 ,
228 2035 361 2104 simam
384 2028 528 2109 (lensia,
557 2027 711 2113 Ctesipho
724 2026 924 2098 leosthenis
940 2023 1036 2112 filins
1047 2023 1228 2112 Anaphly-

229 2137 318 2206 stass
349 2134 465 2201 dicite
517 2131 684 2212 moniam
719 2129 961 2198 Demosthenes
992 2125 1230 2198 Demanhcnis

227 2231 378 2327 pilius²³>
401 2235 626 2301 Paeanieneie
650 2233 761 2302 maris
786 2228 978 2318 reficiendis
1007 2239 1146 2299 carator
1169 2226 1229 2317 sa-

230 2349 323 2421 ctae,
364 2337 436 2405 tria
458 2334 586 2403 talento
609 2337 650 2403 sle
672 2357 732 2404 sno
756 2338 793 2402 in
816 2357 897 2422 optas
917 2337 1088 2420 insumpta
1110 2331 1230 2420 populo

230 2443 385 2528 donamt,
411 2447 444 2508 et
457 2435 619 2508 theatrali
629 2440 794 2523 pecuniae
803 2434 995 2525 praefectus
1016 2435 1162 2524 larpitns
1178 2443 1229 2504 est

231 2568 279 2614 er
310 2541 465 2612 omnihus
496 2539 652 2609 tribubus
684 2541 730 2607 iis
742 2589 754 2622 ,
804 2544 863 2633 qni
896 2539 1058 2608 theatrali
1084 2540 1231 2625 pecnnia

227 2643 416 2734 fruentem,
444 2648 576 2710 centnm
590 2645 704 2710 minas
726 2645 772 2710 ad
791 2638 978 2727 sacrificia:
1008 2641 1142 2730 placere
1164 2641 1230 2709 Se-

232 2749 332 2818 natui
346 2745 528 2835 populoque
541 2741 801 2818 Atheniensium
809 2743 856 2838 ²⁸)
877 2743 1017 2812 laetare
1032 2740 1230 2812 Demosthe-

233 2873 310 2920 nem
331 2844 570 2940 Demosthenis
587 2842 700 2932 filiam
724 2849 970 2917 Paeaniensem
995 2849 1134 2916 rimatis
1152 2866 1232 2934 erpo

231 2962 266 3024 et
279 2951 460 3031 honitatis,
487 2971 553 3042 qim
568 2958 764 3019 cannanter
779 2952 889 3021 editas
911 2953 1004 3019 omni
1025 2957 1172 3037 tempore
1191 2949 1233 3016 s‘n

230 3056 389 3144 papulam
406 3051 665 3141 Atheniensem,
690 3061 723 3122 et
747 3075 872 3122 ornare
894 3073 1018 3122 corona
1040 3073 1166 3133 annea,
1199 3057 1232 3118 et

230 3159 443 3246 proclamare
455 3175 612 3224 mennam
629 3154 667 3222 in
684 3155 1082 3236 theatrollacchanah'is,
1096 3164 1231 3242 trapae-

232 3260 303 3328 eliis
320 3261 433 3339 novis,
464 3260 683 3345 praeconium
697 3267 809 3327 autem
824 3281 926 3327 curae
941 3263 989 3328 sit
1002 3257 1231 3347 aponothetae.

340 3358 444 3451 Quae
468 3357 578 3446 igitur
601 3355 750 3446 largitus
772 3383 872 3442 sum,
905 3355 993 3427 haec
1013 3370 1116 3440 sunt,
1142 3381 1232 3452 quo·

234 3483 316 3529 rum
342 3473 382 3530 tu
404 3453 497 3527 nibil
522 3459 706 3530 accusasti.
766 3460 869 3552 Quae
889 3484 976 3530 vero
999 3473 1143 3530 senatus
1164 3483 1231 3552 pro

234 3557 290 3633 his
306 3557 397 3631 mihi
410 3561 600 3631 tribuenda
618 3575 755 3645 censet,
781 3587 822 3631 ea
837 3574 940 3647 sunt,
967 3587 1060 3657 quae
1077 3586 1232 3633 accusas.

234 3661 337 3758 Quae
353 3662 462 3756 igitur
480 3665 564 3732 data
582 3661 742 3756 accipere
764 3663 964 3756 legitimum
988 3689 1061 3736 esse
1088 3666 1232 3734 confite·

234 3769 305 3852 ris,
330 3791 397 3860 pro
411 3765 456 3836 iis
471 3766 619 3836 relatam
636 3768 788 3858 gratiam
806 3767 1022 3839 violatarum
1038 3771 1156 3859 legum
1177 3792 1233 3837 ac-

236 3869 362 3941 cusas?
413 3869 460 3936 At
474 3863 585 3937 bomo
605 3871 913 3961 profligatissimus
938 3885 973 3942 et
988 3871 1066 3942 Diis
1085 3871 1232 3954 invisus,
1295 3921 1298 3932 -

236 3985 272 4042 et
291 3996 330 4043 re
355 3993 439 4040 vera
461 3971 615 4055 lividus,
648 3973 763 4067 qualis
787 3974 854 4042 erit
876 3999 941 4068 per
957 3973 1077 4044 Deos?
1111 3997 1232 4043 nonne

235 4073 342 4158 talis?
392 4071 466 4144 Iam
484 4075 581 4167 quod
600 4075 645 4143 ad
668 4075 901 4166 praeconium
924 4078 963 4145 in
987 4073 1128 4146 theatro
1151 4076 1233 4145 atti-

150 4191 157 4196 '
234 4191 317 4262 net,
343 4175 536 4248 sexcenties
559 4192 742 4249 sexcentos
769 4203 842 4248 esse
863 4181 1106 4271 proclamatos
1130 4203 1233 4270 prae-

236 4294 356 4365 tereo,
382 4294 426 4351 ut
436 4299 493 4348 me
518 4303 623 4371 saepe
647 4281 765 4372 ipsum
787 4283 887 4375 prius
913 4305 1143 4372 essepcorona
1169 4283 1233 4351 do-

236 4399 374 4454 natum.
427 4383 497 4452 Sed
514 4381 631 4452 Deum
645 4385 908 4469 immortalem,
931 4387 1028 4456 itane
1049 4409 1172 4456 vecors
1196 4409 1233 4456 es

236 4498 272 4556 et
293 4485 457 4578 stupidus
473 4481 669 4572 Aeschine,
701 4499 742 4557 ut
764 4487 961 4580 intelligere
985 4513 1161 4584 nequeas,
1188 4487 1234 4573 ei,

236 4589 300 4683 qui
335 4602 548 4673 coronatur,
590 4593 741 4660 eandem
775 4591 982 4683 contingere
1016 4591 1233 4677 felicitatem,

235 4692 440 4786 ubicunque
465 4716 600 4762 corona
616 4687 878 4785 proclametur;
914 4699 976 4766 sed
1000 4708 1150 4789 propter
1174 4720 1233 4766 co·

235 4816 365 4866 ronam
381 4794 592 4865 donantium
610 4795 800 4866 utilitatem
819 4795 857 4866 in
874 4794 1014 4869 theatro
1034 4799 1112 4868 lieri
1130 4823 1233 4890 prae-

237 4895 410 4967 conium?
469 4895 562 4970 Nam
589 4891 775 4996 quotquot¹
791 4901 979 4985 audivere,
1011 4897 1051 4970 hi
1074 4900 1120 4970 ad
1141 4903 1232 4972 bene

236 5001 280 5075 de
300 4998 484 5094 republica
508 5004 719 5073 merendum
741 5003 960 5089 excitantur,
995 5017 1031 5074 et
1056 5027 1136 5088 eos,
1170 5005 1234 5100 qui

242 5177 449 5192 m

270 5269 321 5333 2⁸)
339 5273 432 5334 attus]
450 5271 480 5322 lu
497 5273 548 5324 Ed.
572 5272 648 5326 tace.
667 5273 695 5326 b.
713 5273 731 5324 l.
751 5272 847 5324 omiss.

272 5372 380 5504 ΜΗ
388 5373 438 5426 Ed.
458 5374 536 5426 ¹562.
555 5375 607 5424 bae
623 5385 709 5425 voces
728 5375 854 5438 scriptae
872 5378 937 5425 suat
955 5387 1004 5439 per
1021 5378 1120 5428 notu:
1149 5379 1180 5430 S.
1198 5377 1233 5431 P.

1280 1533 1522 1621 calumniaris,
1549 1540 1636 1632 quid
1652 1539 1858 1608 declamitas
1871 1537 1950 1604 licta
1969 1545 2178 1624 argumenta,
2195 1553 2234 1596 mr

1281 1654 1315 1709 te
1330 1663 1405 1708 non
1419 1665 1551 1733 purgas
1566 1639 1786 1710 Helleboro?
1812 1664 1879 1709 nec
1891 1638 2005 1730 pudet
2023 1648 2079 1720 te,
2109 1658 2176 1703 cum
2193 1631 2234 1700 ui-

1280 1766 1363 1812 men
1385 1743 1423 1812 in
1447 1743 1619 1814 iudicium
1645 1745 1784 1814 adferre
1811 1741 1951 1812 nullum
1984 1737 2117 1832 possis,
2151 1749 2234 1804 unca

1282 1845 1438 1915 invidiae
1454 1859 1634 1920 certamen
1650 1871 1809 1918 movere.
1861 1843 1908 1913 Et
1924 1844 2022 1935 leges
2037 1839 2160 1934 partim
2173 1837 2234 1906 nale

1281 1949 1459 2033 detortas,
1481 1949 1616 2042 partim
1634 1949 1777 2020 mutilas
1802 1947 1952 2031 recitas,
1984 1969 2077 2040 quas
2097 1954 2176 2011 totas
2192 1937 2234 2028 legi
2260 1995 2261 2040 ,

1282 2053 1414 2122 iustum
1433 2065 1530 2136 erat,
1556 2051 1767 2146 praesertim
1785 2053 1880 2144 apud
1897 2045 1986 2132 hos,
2018 2047 2081 2143 qui
2094 2044 2188 2115 iurati
2204 2067 2237 2111 se·

1282 2155 1439 2227 cundum
1463 2155 1556 2246 leges
1578 2155 1816 2249 pronuntiare
1839 2153 1981 2223 debent.
2049 2149 2176 2218 Deinde
2192 2145 2236 2212 alia

1282 2281 1363 2328 cum
1390 2258 1518 2342 facias,
1566 2259 1670 2352 fingis
1701 2257 1805 2328 nobis
1837 2253 2034 2348 imaginem
2066 2251 2147 2322 boni
2173 2249 2237 2317 ciris.

1281 2360 1362 2454 Qua
1378 2357 1416 2429 in
1432 2385 1470 2430 re
1486 2359 1635 2454 perinde
1656 2361 1761 2444 lacis,
1795 2385 1835 2428 ac
1862 2359 1892 2429 si
1916 2384 1959 2428 ex
1980 2349 2175 2452 syngrapha
2193 2363 2237 2420 sta·

1282 2477 1382 2534 tuam
1406 2486 1564 2535 curasses
1587 2464 1811 2548 faciendam,
1852 2486 1893 2532 ac
1914 2473 2041 2553 postea
2065 2457 2237 2527 deteriorem

1283 2579 1399 2636 tecum
1418 2579 1634 2660 asportares.
1685 2567 1781 2637 Num
1800 2564 1918 2636 verbis
1932 2576 1968 2633 et
1989 2587 2068 2634 non
2092 2562 2184 2630 rebus
2202 2579 2237 2647 gc·

1282 2669 1344 2740 stis
1364 2690 1484 2740 censes
1501 2667 1684 2740 aestimari
1701 2670 1816 2739 bonos
1831 2669 1945 2752 cives,
1972 2689 2015 2734 ac
2037 2665 2141 2733 landa
2163 2674 2191 2729 et
2207 2660 2239 2725 ia

1281 2773 1391 2842 landa
1413 2773 1511 2842 velut
1529 2797 1571 2843 ex
1593 2774 1754 2867 plaustro
1778 2771 1965 2842 clamitans
1991 2767 2101 2852 dicis,
2129 2787 2202 2862 quae
2217 2761 2239 2826 in

1284 2890 1365 2946 tuos
1393 2888 1616 2968 congruunt,
1655 2899 1731 2944 non
1756 2873 1795 2943 in
1820 2899 1890 2945 me.
1947 2870 2124 2942 Existimo
2147 2879 2240 2945 auten,

1284 2975 1398 3062 cives,
1431 2979 1585 3049 multum
1610 2979 1779 3052 interesse
1802 2977 1896 3047 inter
1922 2973 2203 3045 conviciationem
2219 2977 2240 3034 et

1285 3083 1561 3154 accusationem.
1627 3079 1669 3151 In
1692 3079 1917 3152 accusatione
1941 3077 2189 3150 ostendendum
2208 3080 2239 3136 est

1284 3209 1387 3269 eum,
1429 3185 1491 3280 qui
1513 3197 1719 3269 accusatur,
1759 3207 1862 3253 reum
1887 3207 1960 3252 esse
1991 3180 2082 3250 certi
2110 3171 2239 3250 criminis,

1284 3287 1384 3382 quod
1399 3286 1535 3378 legibus
1551 3289 1712 3380 punitur.
1755 3283 1797 3355 In
1814 3283 2079 3355 conviciatione
2093 3277 2238 3350 maledicta

1285 3403 1425 3459 tantum
1442 3392 1684 3475 cumulantur,
1712 3413 1806 3486 quae
1821 3414 1888 3484 pro
1906 3413 1968 3458 sua
1986 3387 2136 3484 quisque
2149 3393 2239 3450 natura

1285 3493 1490 3584 petulanter
1507 3493 1687 3566 effundit.'
1722 3491 1923 3563 Constitute
1940 3502 2025 3560 sunt
2049 3501 2161 3559 autem
2180 3479 2239 3550 iudi·

1285 3594 1357 3678 cia,
1381 3614 1456 3664 non
1474 3607 1514 3665 ut
1531 3595 1582 3665 ibi
1595 3595 1745 3689 privatis
1768 3593 1940 3664 conviciis
1963 3605 2137 3664 certemus
2155 3588 2185 3654 in
2200 3606 2240 3674 pu-

1284 3699 1377 3766 blico
1393 3691 1626 3770 bonestorum
1643 3695 1833 3769 hominum
1850 3721 2041 3780 consessu,
2067 3695 2125 3766 sed
2144 3691 2168 3761 si
2189 3683 2239 3780 quis

1284 3800 1388 3872 laesit
1403 3801 1604 3886 civitatem,
1632 3798 1682 3871 ibi
1704 3803 1766 3871 fiat
1783 3800 1981 3896 inquisitio.
2033 3873 2037 3883 ,
2217 3887 2223 3902 .

1388 3899 1484 3974 Haec
1502 3929 1582 3974 cum
1598 3906 1686 3980 sciat
1700 3899 1911 3988 Aeschines,
1938 3916 2061 3971 tamen
2077 3897 2147 3968 vult
2160 3915 2203 3962 ue
2217 3909 2238 3954 u

1285 4008 1487 4098 spectaculo
1510 4007 1680 4077 conviciis
1705 4019 1905 4088 ostentare,
1938 4029 2014 4074 non
2041 4023 2189 4072 accusare
2205 3993 2237 4058 in·

1285 4107 1411 4180 stituit.
1463 4107 1628 4179 Reddere
1644 4123 1763 4178 tamen
1779 4111 1880 4204 paria
1897 4107 1930 4176 ei
1946 4107 2078 4178 iustum
2095 4117 2151 4186 cst,
2174 4091 2237 4192 quod

1285 4212 1359 4280 iam
1393 4211 1535 4284 laciam.
1608 4211 1768 4283 Tantum
1803 4207 1873 4282 hoc
1905 4209 2005 4304 prius
2038 4199 2237 4294 interrogabo.

1285 4327 1408 4384 utrum
1433 4311 1523 4387 mihi
1540 4315 1710 4408 privatim
1726 4315 1893 4386 inimicus
1910 4339 1982 4385 esse
2000 4311 2102 4396 velit,
2127 4333 2167 4378 au
2179 4323 2235 4370 tert

1285 4415 1530 4508 reipublicae?
1570 4419 1676 4504 Tibi,
1702 4419 1861 4515 inquies,
1887 4443 1965 4488 sum
1982 4416 2151 4486 inimicus.
2190 4403 2236 4473 Cur

1286 4519 1414 4612 igitur,
1441 4519 1573 4616 siquid
1591 4523 1863 4618 delinquebam,
1890 4545 1948 4590 me
1965 4545 2040 4590 non
2055 4531 2163 4596 antea,
2184 4527 2235 4624 cnm

1285 4623 1379 4714 leges
1390 4617 1652 4709 concederent,
1670 4627 1843 4697 accusasti
1860 4624 2005 4718 publico
2023 4635 2057 4692 et
2071 4619 2192 4713 privato
2203 4631 2235 4674 u·

1285 4725 1406 4796 dicio?
1456 4727 1561 4799 Nunc
1576 4731 1742 4812 tandem,
1770 4738 1962 4823 postquam
1979 4751 2037 4795 me
2051 4725 2153 4814 leges,
2175 4729 2233 4826 tell·

1285 4827 1385 4921 poris
1400 4829 1636 4924 praescriptio
1654 4845 1689 4901 et
1700 4831 1918 4927 praeiudicia
1936 4830 2106 4910 liberant,
2129 4843 2193 4890 cum
2209 4833 2232 4877 1¹1

1285 4929 1416 5002 harum
1433 4958 1553 5003 rerum
1570 4933 1711 5006 iudiciis
1728 4948 1832 5005 antea
1849 4933 2031 5004 absolutus
2054 4953 2143 5008 sum,
2163 4939 2231 4989 accu-

1284 5035 1462 5105 sationem
1492 5036 1694 5121 instituisti,
1736 5062 1828 5132 quae
1858 5037 1972 5130 magis
2002 5031 2229 5108 civitatense

1319 5303 1369 5363 th)
1387 5303 1475 5354 Audis
1491 5301 1629 5354 Aeschine
1641 5325 1675 5340 -
1688 5301 1844 5354 coronabit
1864 5301 1933 5361 etc]
1952 5301 2019 5352 baso
2031 5293 2154 5350 Denmtb
2169 5285 2227 5360 'trit

1353 5371 1382 5423 ta
1400 5368 1450 5422 Ed.
1472 5371 1546 5422 tate.
1565 5370 1679 5434 pestate
1696 5369 1773 5436 typis
1800 5369 1939 5434 exscripta
1965 5371 2043 5436 sont,
2073 5378 2103 5417 ac
2121 5361 2142 5411 st
2163 5360 2225 5406 affl

1354 5441 1427 5506 tegts
1446 5443 1543 5492 essent
1560 5439 1655 5490 verbs.
