4696 5802
205 163 328 240 ‘125

137 358 141 370 ‘
255 334 449 409 servabunt
464 327 571 426 boc⁴)
588 351 732 426 quoque
754 327 878 423 pueri,
909 286 1105 400 dictionem
1127 325 1166 399 in
1188 321 1245 398 his

830 152 956 230 erm.
988 121 1104 228 mc.
1136 141 1341 228 scama
1373 125 1712 232 rauonoercs.

2215 149 2304 226 124

1399 323 1431 420 ᾗ.
1449 327 1485 400 1.
1512 297 1616 404 catio
1636 319 1840 424 strictius]
1873 265 2059 398 Narratio.
2137 327 2304 407 1111101»,

255 441 300 510 ad
312 436 477 508 Servium
498 432 656 528 epistolis
669 433 743 501 fere
760 457 833 508 esse
856 430 982 516 aliam,
1006 454 1116 526 quam
1136 452 1245 524 supra
1296 427 1418 528 Serus]
1449 429 1585 501 Votum
1607 443 1690 500 ante
1713 427 2012 524 propositionem.
2103 431 2306 518 Germa

240 541 293 612 -in
310 539 416 610 tertio
438 539 532 610 libro
549 535 628 608 fuit.
687 533 778 606 Sunt
800 534 896 604 enim
919 532 1042 604 omnia
1066 533 1246 615 molliora,
1297 528 1457 632 eaim⁹)]
1485 532 1594 603 Ratio
1611 531 1698 603 voti.
1773 533 1958 623 Pugnandi
1977 525 2194 626 cupidorum]
2224 527 2308 598 Eo-

256 643 354 738 quod
371 655 407 712 et
421 651 672 734 argumentum
686 637 732 708 sit
748 635 846 708 aliud
862 649 898 708 et
912 660 1068 730 persona
1085 636 1175 720 alia,
1201 635 1247 704 ad
1297 660 1378 706 rum
1394 635 1547 719 scilicet,
1573 635 1636 730 qui
1653 647 1755 704 erant
1769 637 1865 726 apud
1873 632 2100 724 Pompeium.
2177 636 2308 713 Nurac,

256 769 365 840 quam
379 745 513 816 scribit.
564 740 720 813 Maxime
736 741 832 810 enim
847 740 1151 810 accommodanda
1167 761 1249 810 ora·
1298 733 1476 837 quoniam]
1513 737 1738 830 Propositio:
1788 737 1904 830 Cupio
1935 747 2053 806 tecum
2082 733 2310 804 deliberare.

257 849 309 918 tio
327 861 380 920 est
394 843 449 918 bis
463 846 623 928 duobus,
646 866 841 935 personae,
868 857 903 914 et
916 836 1092 935 negotio,'
1113 845 1157 912 de
1175 864 1248 936 quo

257 948 391 1022 scribit.
441 946 623 1042 Epistolae
637 957 756 1016 autem
772 941 879 1020 buius
896 946 1016 1040 quarti
1039 943 1122 1014 libri
1146 944 1250 1012 intel-

256 1051 319 1144 ligi
344 1065 493 1142 possunt
519 1073 562 1120 ex
584 1048 724 1120 decimo
749 1049 842 1120 libro
866 1047 1099 1141 epistolarum
1127 1049 1172 1118 ad
1187 1045 1250 1116 At·
1285 1105 1288 1114 .

257 1153 378 1224 ticum.

564 1313 666 1386 Alia
697 1283 945 1410 praefatio.

360 1449 546 1546 Epistulae
573 1447 680 1524 buius
708 1453 793 1527 libri
820 1477 950 1545 magna
980 1476 1023 1522 er
1053 1465 1157 1545 parte
1178 1475 1268 1522 non‘

163 1569 166 1578 '
258 1569 410 1654 possunt
432 1554 602 1648 intelligi,
634 1553 704 1625 nisi
728 1568 868 1648 tempus
887 1555 1153 1639 consideretur,
1179 1579 1251 1650 quo

261 1661 413 1752 scriptae
435 1669 519 1728 sunt
542 1681 563 1726 a
586 1657 771 1730 Cicerone.
836 1658 928 1730 Sunt
960 1672 1078 1730 autem
1101 1657 1252 1752 scriptae

261 1764 326 1838 sub
348 1759 493 1832 initium
512 1759 597 1829 belli
623 1761 755 1845 civilis,
790 1785 832 1830 eo
859 1773 1039 1854 tempore,
1073 1787 1155 1833 cum
1179 1761 1253 1830 iam

263 1862 456 1952 Caesario
477 1859 669 1955 Hispanias
701 1862 891 1956 cogitaret,
933 1878 968 1934 et
993 1865 1188 1958 Pompeius
1215 1862 1254 1932 in

263 1967 450 2041 Graeciam
473 1965 714 2063 traiecissetl)
749 1990 792 2038 ex
815 1963 937 2052 ltalia,
977 1979 1019 2038 ut
1037 1968 1089 2038 ibi
1113 1979 1255 2060 cogeret

262 2094 434 2164 magnum
464 2068 656 2140 exercitum
687 2070 856 2144 adversus
886 2069 1087 2143 Caesarem.
1159 2069 1254 2164 Quia

263 2197 350 2246 vero
365 2169 568 2242 inciderunt
584 2171 707 2242 Cicero
726 2185 762 2243 et
773 2171 917 2244 Servius
937 2174 1070 2245 summi
1090 2172 1130 2243 in
1150 2197 1255 2266 repu-

262 2277 355 2348 blica
378 2273 449 2345 viri
468 2273 507 2342 in
531 2295 571 2343 ea
597 2287 782 2368 tempora,
815 2276 945 2370 quibus
966 2289 1116 2372 propter
1137 2275 1253 2346 civilia

262 2379 355 2452 bella
375 2399 451 2480 non
473 2375 580 2446 dubie
603 2378 792 2449 videbatur
814 2380 1013 2474 respublica
1040 2371 1266 2470 collapsum,

262 2483 422 2577 primum
442 2477 527 2548 lacti
547 2492 631 2550 sunt
654 2481 857 2554 tristissimi.
920 2480 1061 2574 Deinde
1086 2509 1166 2554 cum
1190 2481 1278 2551 mi:

264 2585 362 2656 nime
384 2582 583 2674 probarent
602 2605 724 2654 causas
744 2585 847 2668 belli,
887 2587 1082 2678 optabant,
1116 2598 1157 2656 ut
1178 2583 1257 2681 qui-

264 2689 473 2779 buscunque
489 2685 635 2758 tandem
658 2685 922 2758 conditionibus
944 2713 1001 2760 res
1025 2711 1257 2780 componere-

265 2802 337 2862 tur.
404 2784 573 2881 Inprimis
600 2801 720 2860 autem
742 2787 868 2860 Cicero
901 2815 981 2864 cum
1005 2815 1047 2862 ex
1069 2790 1256 2888 provincia

265 2892 446 2974 rediisset,
474 2913 598 2962 omnes
612 2891 770 2970 rationes
782 2891 966 2964 faciendae
981 2893 1079 2986 pacis
1095 2893 1257 2966 tentavit.

205 3007 210 3024 '
264 2993 313 3067 Et
337 2992 483 3088 quidem
505 2990 695 3065 Caesarem
727 2995 766 3066 iu
793 3019 896 3067 suam
920 2998 1132 3068 sententiam
1154 2997 1257 3068 facile

265 3095 486 3180 adduxisset,
511 3097 571 3166 sed
589 3097 765 3192 Pompeio
781 3092 851 3170 boc
874 3098 1024 3176 minime
1043 3103 1257 3196 persuadere

266 3197 395 3294 potuit.
446 3194 532 3266 Ideo
548 3198 586 3266 in
600 3196 656 3272 bis
670 3200 829 3294 epistolis
853 3215 997 3294 praeter
1019 3216 1156 3282 caetera
1179 3227 1258 3295 gra-

267 3301 432 3372 vissimae
455 3301 640 3394 querelae,
679 3315 715 3372 et
741 3299 991 3376 honestissima
1024 3304 1171 3376 consilia
1196 3307 1259 3376 ob·

268 3402 443 3478 servanda
460 3413 556 3518 sunt.

308 3587 636 3702 Argumentum
672 3617 716 3676 et
749 3603 928 3680 scholia
964 3607 1011 3677 in
1042 3606 1215 3701 episto·

662 3709 748 3782 lam
773 3708 854 3808 l.⁰).

370 3863 448 3934 Hae
465 3862 675 3959 epistolae⁷)
693 3879 843 3958 possunt
858 3864 1009 3960 intelligi
1024 3887 1066 3935 ex
1082 3864 1175 3936 libro
1200 3865 1261 3936 de-

270 3967 363 4038 cimo
379 3964 612 4059 epistolarum
628 3967 674 4035 ad
689 3967 860 4040 Atticum.
921 3969 1019 4040 llaec
1042 3980 1162 4038 autem
1185 3991 1262 4038 non

269 4083 345 4142 tam
361 4081 414 4140 est
429 4065 639 4139 deliberatio
663 4093 774 4164 quam
795 4073 951 4164 querela.
1009 4067 1115 4141 Initio
1135 4082 1263 4142 narrat

272 4183 309 4240 et
321 4171 494 4264 proponit
510 4170 625 4241 Servii
649 4171 873 4264 petitionem.
923 4173 1055 4244 Postea
1078 4173 1178 4243 addit
1199 4197 1262 4244 vo-

270 4285 360 4346 tum.
410 4269 549 4342 Deinde
567 4277 761 4370 respondet
772 4274 1082 4372 ipsiuspetitioni,
1107 4275 1182 4346 sive
1202 4277 1263 4348 ad-

271 4375 324 4446 dit
338 4374 543 4471 querelam,
568 4374 606 4444 in
621 4401 692 4472 qua
707 4379 854 4474 exponit
874 4404 911 4453 se
933 4375 1025 4450 nihil
1048 4379 1188 4450 consilii
1211 4379 1264 4450 vi-

270 4481 354 4549 dere
366 4477 411 4572 ⁸).

310 4695 344 4754 a)
361 4693 427 4755 noe]
447 4693 489 4745 ue
509 4693 560 4746 se.
580 4680 672 4758 rtem
697 4691 726 4744 ru
743 4694 830 4750 nuce
849 4693 1042 4747 ress-serr.
1060 4696 1147 4750 esest.

306 4776 340 4846 5)
357 4776 386 4830 ln
397 4777 543 4830 Graeclam
555 4777 728 4842 treteetsset]
747 4778 789 4830 ste
800 4777 885 4830 nette.
899 4779 1108 4848 1505-1577.;
1126 4781 1264 4836 1101550.

340 4846 502 4898 tretemmt
518 4847 547 4896 tn
565 4847 718 4900 arrectam.

305 4929 656 4997 0)1.]11111111.1545.,
681 4934 774 5000 1510,
802 4934 895 5002 teob,
925 4933 1048 4988 nunerts
1072 4935 1264 5000 praecedentis

340 4997 405 5052 litut
422 4999 607 5066 eoutlnuatte,
630 5003 698 5054 traee
715 5003 833 5066 epistole
850 5015 965 5056 numero
981 5003 1024 5056 11.
1033 5037 1042 5072 ,
1072 5019 1193 5070 aequem
1210 5019 1265 5058 nu·

342 5079 420 5121 mero
438 5069 482 5118 41.
501 5071 554 5122 ete.
572 5069 700 5134 alcestae
717 5075 792 5124 sunt.

306 5151 339 5215 7)
358 5154 417 5206 liae
435 5153 585 5218 epletolee]
602 5154 840 5223 1111101111517,
859 5157 947 5224 1510,
966 5157 1265 5228 1514.,1551.,1557.,

342 5221 531 5288 nertstert,
551 5223 638 5288 1515..
658 5225 745 5293 1500,
767 5227 842 5277 reor.
862 5227 921 5278 Rae
938 5231 1086 5292 sequentes
1106 5230 1248 5293 epistolae.

305 5307 339 5372 8)
357 5308 416 5360 Eoo
437 5309 630 5371 argumentum
652 5311 688 5361 eb
709 5309 795 5366 suet
815 5309 1027 5382 1517-1551,
1057 5313 1153 5383 1550,
1177 5315 1265 5384 1500,

329 5377 418 5472 11001.
437 5377 593 5442 praebetor.

1299 845 1373 958 Iter
1392 845 1484 984 elpim
1504 837 1791 940 clarissimam]
1825 837 2016 910 Rationes:
2055 837 2151 930 Quia
2174 861 2215 908 es
2240 859 2311 928 pe-

1300 957 1390 1014 ntus
1404 942 1486 1137 §.iz
1511 1047 1579 1115 Res
1592 1037 1702 1138 eides]
1730 1041 1906 1133 Querela,
1932 1067 2024 1136 quae
2040 1037 2150 1113 babet
2167 1041 2309 1132 ampli-

1302 1148 1506 1218 ficationem
1539 1143 1670 1217 borum
1702 1145 1894 1216 malorum.
1987 1149 2056 1218 Sin
2077 1155 2190 1216 eutem
2214 1139 2309 1240 tibi]

1302 1249 1411 1323 Redit
1424 1253 1471 1320 ad
1484 1249 1790 1342 propositionem,
1816 1259 1856 1318 ut
1870 1247 2081 1332 constituat,
2108 1247 2171 1316 ubi
2187 1247 2310 1317 collo-

1304 1353 1368 1448 qui
1385 1353 1496 1423 velint
1505 1351 1563 1448 ¹¹).

1523 1518 1661 1592 Aliud
1688 1517 2082 1616 argumentum¹²).

1407 1657 1525 1729 Porro
1533 1657 1563 1700 ¹²
1570 1660 1604 1754 ⁸)
1619 1669 1870 1750 argumentum
1885 1655 2024 1750 primae
2040 1655 2213 1749 epistolae
2239 1667 2312 1738 est,

1306 1761 1404 1856 quod
1420 1760 1570 1832 omuino
1597 1760 1718 1853 cupiat
1744 1761 1942 1830 deliberare
1963 1785 2044 1830 curn
2060 1757 2210 1843 Servio,
2242 1760 2312 1828 sed

1305 1863 1373 1934 sibi
1388 1863 1501 1934 videri
1519 1863 1626 1936 nimis
1643 1888 1759 1934 seram
1773 1887 1847 1935 esse
1864 1863 2175 1933 consultationem.
2232 1859 2312 1930 Or-

1307 1967 1405 2037 ditur
1420 1980 1540 2038 autem
1566 1992 1585 2036 a
1607 1965 1839 2051 narratione,
1871 1965 1908 2034 in
1929 1967 1999 2060 qua'
2021 1965 2181 2036 breviter
2205 1987 2313 2032 eom-

1305 2083 1504 2158 memorat,
1530 2095 1622 2166 quae
1636 2069 1828 2141 Trebatius
1850 2069 1893 2138 de
1914 2069 2089 2138 sententia
2105 2065 2224 2139 Servii
2248 2091 2312 2136 ex·

1306 2173 1477 2267 posuerit.
1542 2173 1798 2244 Narrationem
1818 2171 1979 2268 sequitur
2001 2173 2143 2263 elegans
2163 2183 2312 2253 votum,

1308 2277 1405 2373 quod
1427 2277 1670 2369 praemittitur
1695 2273 1953 2369 propositioni:
1991 2274 2141 2344 Utinam
2171 2299 2312 2343 conve-

1307 2379 1494 2465 nissemus,
1518 2405 1598 2450 cum
1617 2404 1672 2450 res
1688 2381 1851 2450 nondum
1867 2379 2018 2450 deducta
2035 2390 2112 2448 erat
2127 2377 2173 2446 ad
2189 2400 2312 2447 arma.

1307 2483 1400 2555 Nam
1416 2483 1466 2554 ibi
1482 2481 1638 2554 consiliis
1659 2483 1791 2553 nostris
1815 2481 1952 2577 aliquid
1973 2481 2143 2575 perficere
2165 2480 2313 2574 potuis-

1308 2611 1437 2658 semus.
1487 2584 1695 2680 Propositio
1717 2597 1770 2656 est
1791 2581 1968 2680 quaedam
1991 2583 2104 2655 veluti
2124 2583 2312 2674 mitigatio

1308 2689 1403 2758 voti:
1431 2687 1546 2781 Cupio
1565 2701 1686 2760 tamen
1712 2700 1839 2759 tecum.
1856 2690 1900 2758 de
1922 2687 2054 2762 nostris
2076 2689 2181 2758 rebus
2207 2711 2314 2755 com-

1308 2793 1504 2864 municare.
1567 2791 1676 2862 Ratio
1705 2790 1964 2886 propositionis
1986 2790 2140 2862 sumitur
2170 2813 2191 2859 a
2225 2813 2313 2881 per-

1309 2919 1398 2966 sona
1430 2893 1564 2980 Servii,
1611 2895 1710 2990 quod
1742 2895 1789 2966 sit
1818 2893 1874 2964 vir
1903 2895 2061 2988 prudens
2090 2905 2126 2962 et
2155 2893 2314 2984 peritus.

1308 2998 1437 3070 Postea
1452 2997 1601 3092 ponitur
1615 2996 1733 3090 gravis
1750 2996 1914 3092 querela,
1938 2997 1999 3068 sed
2015 2995 2211 3066 admodum
2227 2995 2315 3067 bre-

1309 3101 1363 3173 vis
1379 3103 1422 3172 dc
1437 3101 1633 3172 miserabili
1648 3125 1688 3171 ac
1701 3101 1903 3194 periculoso
1920 3112 2015 3170 statu
2034 3098 2144 3170 urbis.
2206 3098 2315 3167 Con-

1310 3204 1421 3274 clusio
1448 3215 1587 3274 constat
1609 3203 1822 3296 repetitione
1843 3202 2121 3297 propositionis,
2156 3213 2197 3271 ut
2224 3226 2313 3270 cum

1309 3305 1462 3376 libenter
1479 3306 1564 3376 velit
1572 3305 1618 3404 ¹⁸)
1635 3306 1901 3378 communicare
1920 3331 2000 3375 cum
2016 3304 2140 3374 Servio
2163 3305 2207 3372 de
2233 3304 2316 3396 pri-

1310 3407 1402 3478 vatis
1419 3409 1548 3492 rebus,
1573 3408 1648 3502 ipse
1671 3409 1884 3494 constituat,
1917 3409 1980 3479 ubi
2003 3407 2116 3477 velint
2136 3407 2315 3501 colloqui,

1311 3511 1419 3606 idque
1434 3511 1607 3603 significet
1621 3535 1686 3604 per
1702 3525 1838 3583 certum
1853 3512 2009 3608 aliquem
2026 3509 2206 3581 nuntium.

1558 3679 1697 3752 Aliud
1724 3693 2055 3774 argumentum.

1413 3817 1511 3888 Haec
1533 3818 1683 3911 epistola
1703 3817 1833 3912 scripta
1858 3833 1930 3905 est,
1963 3831 2154 3914 postquam
2180 3813 2314 3887 Cicero

1313 3946 1332 3991 e
1373 3921 1559 4014 provincia
1590 3921 1747 3992 Romam
1790 3921 1907 3994 rediit.
1985 3921 2154 3992 Continet
2188 3931 2315 3989 autem

1314 4027 1496 4121 quandam
1512 4026 1694 4121 querelam
1712 4027 1756 4096 de
1772 4025 1873 4096 bellis
1889 4023 2069 4109 civilibus,
2095 4035 2130 4093 et
2146 4021 2215 4093 ista
2230 4048 2318 4114 per·

1313 4127 1518 4198 turbatione
1543 4127 1706 4198 omnium
1737 4153 1859 4199 rerum
1892 4152 1933 4196 ac
1964 4127 2139 4207 tumultu;
2179 4126 2316 4194 deinde

1314 4231 1422 4300 etiam
1437 4231 1736 4302 consultationem
1751 4231 1789 4299 in
1805 4253 1933 4324 genere
1951 4227 2199 4311 deliberativo,
2223 4229 2318 4322 quid

1314 4332 1446 4406 scilicet
1468 4331 1672 4404 laciendum
1694 4333 1801 4406 sitin
1823 4333 1932 4404 tantis
1953 4333 2109 4404 motibus
2130 4330 2318 4401 bellorum

1315 4435 1486 4510 civilium.
1551 4435 1741 4523 Narratio,
1775 4461 1867 4532 quae
1889 4436 2039 4528 ponitur
2060 4434 2136 4506 vice
2159 4434 2316 4518 exordii,

1349 4675 1382 4736 9)
1400 4675 1491 4736 estro]
1509 4675 1562 4728 110.
1582 4675 1660 4728 1510.
1677 4674 1714 4728 et.

1352 4761 1399 4827 10)
1418 4763 1494 4813 llaec
1511 4761 1578 4812 note
1595 4760 1624 4810 in
1640 4758 1725 4810 ltdltt.
1743 4759 1836 4827 1545,
1856 4757 1931 4812 1500.
1950 4757 2038 4810 deest.

1352 4849 1400 4908 11)
1418 4845 1522 4907 vellat]
1540 4845 1625 4898 roret.
1646 4845 1740 4914 1515,
1760 4845 1932 4900 1110011111.

1352 4933 1401 4994 11)
1417 4933 1476 4984 noe
1492 4932 1683 4995 argumentum
1700 4931 1730 4981 et
1750 4929 1804 4982 doe
1822 4927 1964 4996 nequeam
1981 4929 2010 4982 tn
2030 4929 2114 4985 ruet
2129 4929 2227 4998 1550,
2247 4931 2317 4985 1115

1384 5000 1502 5054 -1505,
1519 5000 1708 5054 inveniuntur.

1351 5085 1420 5154 111)
1439 5085 1543 5146 Porro]
1561 5084 1613 5136 bae
1635 5095 1705 5135 voce
1726 5083 1778 5134 boe
1796 5087 1988 5148 argumentum
2007 5086 2111 5136 duabus
2128 5083 2314 5147 pneumat-

1384 5157 1486 5276 33:1⁹1„
1487 5149 1563 5280 pute
1585 5155 1614 5206 tn
1638 5151 1696 5204 illle
1718 5151 1804 5206 110111.
1827 5155 1954 5218 proxtne
1976 5153 2143 5209 summunt
2150 5187 2160 5220 ,
2195 5157 2241 5204 eet
2261 5163 2315 5206 en·

1352 5310 1536 5436 wiuiibiiier
1553 5305 1640 5370 velit]
1663 5305 1705 5360 stc
1721 5307 1808 5367 succ.
1825 5275 2055 5374 1555·-151“1.;δ
2072 5306 2124 5366 tte.
2144 5261 2222 5364 1150.
2245 5306 2315 5360 reb't

1427 5393 1462 5432 en
