4696 5802
268 173 320 250 ta
528 219 533 228 -
842 165 1725 250 urinantescnnnannnotootuu
1837 181 1922 198 ”
2083 183 2092 189 “
2220 179 2272 268 ,il

271 347 505 441 confugisset,
530 345 646 421 soluit
669 371 751 420 eum
779 348 881 443 sequi
894 346 1041 432 Cicero,
1075 349 1139 422 sed
1161 345 1263 443 quasi
1316 343 1461 432 Cicero,
1501 347 1598 442 qnod
1619 369 1695 416 non
1716 343 1764 418 sit
1785 345 1860 416 eins
1883 345 2074 434 tenuatis,
2110 361 2275 426 utcontra

272 464 452 544 spectator
473 453 681 537 turbarum,
715 467 832 547 neque
854 451 998 524 Caesari
1020 475 1136 547 neque
1155 451 1266 522 Porn-
1316 448 1506 520 Caesarem
1528 473 1568 520 se
1587 449 1783 542 coniungat
1798 448 1986 542 Pompeio.
2036 449 2218 526 Exordium
2231 481 2276 530 su·

270 553 356 648 peio
373 549 566 656 adhaergre
579 554 713 640 voluit,
738 553 993 626 donecCaesar
1007 553 1266 647 inllisponiam
1316 550 1429 622 mitur
1453 552 1499 623 ab
1523 551 1707 624 occasione
1729 552 1932 623 litterarum
1948 551 2079 641 Caelii,
2103 559 2275 645 ostendens,

275 654 400 728 eontra
421 655 604 730 Petreium
628 669 665 728 et
676 657 865 728 Afranium
881 657 1048 748 Pompeii
1071 670 1267 752 praetores,
1318 678 1390 748 qno
1407 653 1527 724 animo
1544 646 1604 726 eas
1619 653 1757 748 legerit.
1789 651 1924 750 Estque
1939 657 2059 726 addita
2075 658 2175 727 tacita
2190 683 2276 754 quae

276 757 341 854 qni
355 758 565 854 Hispaniam
583 785 663 831 cnm
687 759 842 832 exercitu
866 761 1055 844 tenebant,
1089 759 1268 852 proiectus
1319 757 1402 827 dam
1417 753 1646 849 reprehensio
1661 758 1862 828 litterarum
1885 770 1921 827 et
1934 759 2181 853 suspicionum.
2224 761 2277 832 Er·

278 855 344 934 ist.
401 861 497 934 'l'um
519 861 616 934 euim
639 861 764 933 Cicero
786 865 833 933 ad
854 863 1069 954 Pompeium
1098 863 1137 932 in
1156 863 1269 933 Grae·
1319 859 1463 929 ordinm
1475 873 1678 956 sequnntur
1691 861 1782 930 dnae
1804 859 2049 946 narrationes,
2082 885 2223 956 quarum
2240 865 2278 932 al-

278 963 371 1034 ciam
385 963 587 1057 navigavit,
614 959 766 1060 cumque
778 989 824 1068 eo
845 965 998 1048 mansit,
1024 967 1138 1036 donec
1156 965 1269 1034 victo-
1319 973 1395 1032 tera
1413 985 1555 1032 cansam
1575 963 1752 1050 continet,
1780 985 1891 1056 qnare
1909 987 1986 1034 non
2000 963 2109 1058 possit
2128 965 2235 1058 fugere
2249 967 2278 1034 in

277 1063 332 1162 ria
349 1065 483 1159 potitus
499 1064 740 1139 esselCaesar.
790 1067 855 1139 Est
871 1091 955 1160 ergo
973 1067 1121 1160 epistola
1137 1067 1268 1159 scripta
1316 1063 1477 1160 ,aliquem
1498 1065 1616 1136 locum
1641 1077 1841 1148 remotum,
1875 1077 1981 1162 atque
2003 1068 2052 1136 ita
2075 1067 2190 1139 latere.
2233 1067 2279 1136 Al-

278 1167 345 1240 sub
364 1168 586 1262 profectione
601 1170 762 1242 Caesaris
784 1169 1058 1264 inHispaniam.
1118 1171 1166 1242 Et
1185 1193 1270 1262 pur-
1321 1171 1396 1236 tera
1413 1180 1471 1238 est
1491 1167 1665 1260 expositio
1694 1169 1872 1262 quaedam
1900 1169 1958 1240 sui
1986 1169 2123 1241 consilii
2150 1174 2190 1240 de
2214 1197 2278 1262 pra-

278 1281 341 1362 gat
366 1295 403 1342 se
426 1272 551 1345 Cicero
581 1276 624 1344 de
655 1274 742 1344 istnc
765 1274 986 1366 suspicione,
1021 1275 1120 1367 quod
1138 1273 1272 1344 scilicet
1321 1269 1486 1355 sectione,
1512 1272 1610 1366 quod
1625 1271 1788 1341 uidelicet
1802 1293 1878 1346 non
1893 1271 2161 1365 velitproficisci
2176 1285 2277 1342 contra

278 1371 549 1448 existimabatur
566 1399 608 1448 co
625 1377 774 1448 consilio
788 1375 827 1446 in
843 1377 1006 1450 Cumano
1023 1375 1205 1460 mansisse,
1231 1385 1273 1444 ut
1323 1371 1530 1459 Caesarem,
1571 1373 1654 1468 quia
1676 1373 1837 1444 animum
1862 1369 1994 1446 lrabeat
2015 1399 2157 1468 prorsus
2176 1371 2281 1444 abhor·
2313 1411 2314 1416 κ

278 1473 479 1550 facilius'ad
493 1479 707 1574 Pompeium
724 1478 904 1553 transiret.
926 1482 933 1494 “
954 1479 1174 1562 Exordium,
1198 1499 1270 1571 qno
1322 1487 1461 1545 rentem
1487 1499 1507 1545 a
1532 1477 1626 1546 bello
1650 1476 1756 1548 civili.
1815 1475 1954 1548 Deinde
1978 1478 2082 1549 diluit
2102 1491 2281 1570 argumenta
2313 1517 2314 1520 =

281 1577 405 1668 animo
424 1581 599 1674 acceperit
618 1583 771 1666 litteras,
801 1595 923 1680 estque
938 1583 1127 1654 interserta
1144 1577 1272 1672 ampli·
1324 1577 1437 1648 Caelii
1450 1579 1494 1648 de
1510 1579 1670 1672 periculo
1685 1603 1830 1650 suarum
1846 1581 2087 1665 fortunarum,
2111 1580 2281 1673 significans

281 1681 400 1754 ficatio
424 1683 571 1758 doloris.
627 1684 744 1776 Negat
765 1684 861 1756 enim
885 1699 1035 1780 propter
1056 1680 1273 1775 magnitudi-
1323 1705 1454 1751 senon
1475 1683 1567 1750 tanti
1589 1683 1705 1751 facere
1731 1704 1855 1754 omnes
1883 1707 1965 1755 suas
1989 1685 2167 1773 fortunas,
2203 1683 2282 1778 quin,

281 1809 367 1855 nem
381 1786 517 1860 doloris
539 1813 576 1860 se
600 1811 704 1881 posse
729 1789 861 1860 dolere.
920 1787 1088 1886 Sequitur
1109 1783 1273 1879 proposi·
1325 1807 1406 1853 cum
1422 1807 1512 1876 opus
1527 1798 1597 1868 est,
1622 1784 1766 1854 illarum
1790 1785 1925 1856 iactura
1948 1785 2161 1880 reipublicae
2181 1809 2280 1879 pacem

283 1886 353 1957 tio:
385 1887 494 1961 Nullo
522 1891 631 1962 modo
655 1892 897 1975 committam,
929 1905 971 1962 ut
992 1889 1171 1962 offendam
1187 1887 1274 1958 Cae·
1325 1887 1500 1956 redimere
1518 1888 1650 1980 cupiat.
1691 1885 1881 1958 Conclusio
1896 1891 2075 1960 cruditam
2089 1886 2190 1960 habet
2202 1911 2281 1982 prae·

283 2012 412 2062 sarem.
472 1993 561 2064 Post
580 1994 865 2090 propositionem
887 1995 1006 2066 brevis
1028 1994 1189 2063 narratio
1210 2013 1275 2082 po·
1325 1989 1517 2074 cisionem,
1544 2001 1706 2084 quaeest
1727 1991 1905 2061 excusatio
1931 1993 2020 2062 mali
2040 1993 2165 2064 ominis
2184 2013 2280 2061 rernm

283 2090 383 2162 nitur
396 2089 602 2190 praeposita
622 2096 865 2182 dubitatione,
899 2112 934 2168 et
956 2109 1008 2170 est
1030 2119 1169 2168 summa
1191 2117 1275 2162 nar·
1324 2091 1526 2163 futurarum
1543 2105 1686 2186 sumpto
1700 2108 1911 2184 argumento
1936 2097 1981 2165 ab
2004 2109 2129 2166 aetate.
2175 2094 2282 2187 Estque

283 2194 451 2268 rationis:
477 2199 673 2292 Fugerem,
698 2201 760 2270 sed
776 2212 924 2292 propter
940 2201 1081 2270 lictores
1097 2223 1174 2269 uon
1192 2219 1274 2289 pos-
1326 2195 1467 2266 additus
1481 2196 1600 2279 iocus,
1627 2195 1712 2264 item
1727 2195 1938 2288 significatio
1955 2221 2041 2268 suae
2059 2197 2237 2269 voluntatis
2253 2194 2281 2262 in

281 2307 386 2369 sumi
424 2299 559 2398 Estque
574 2315 613 2399 et
622 2303 692 2374 alia
709 2304 871 2374 narratio
894 2305 938 2374 de
961 2301 1202 2396 profectione,
1236 2298 1275 2366 in
1326 2308 1425 2366 tanta
1449 2298 1721 2390 perturbatione
1745 2311 1856 2372 status
1884 2300 2101 2394 reipublicae
2129 2311 2163 2372 et
2188 2297 2282 2370 brevis

284 2423 355 2496 qua
369 2416 477 2496 negat
489 2430 527 2477 se
540 2407 785 2498 proiecturum
810 2419 934 2476 contra
950 2407 1151 2480 Caesarem.
1202 2401 1275 2470 Ra·
1325 2400 1464 2494 petitio.

283 2502 354 2572 tio':
382 2504 475 2598 Quia
491 2507 577 2578 nolo
594 2507 763 2580 interesse
785 2509 879 2580 bello
902 2509 1008 2580 civili.
1059 2507 1199 2578 Deinde
1224 2517 1275 2576 est
1958 2576 1973 2602 ¹,

285 2607 480 2677 confutatio
511 2612 714 2704 argumenti
744 2611 875 2698 Caelii,
924 2614 1022 2708 quod
1049 2635 1124 2681 non
1152 2610 1277 2679 timeat
1379 2672 1388 2690 ,
1514 2673 1523 2690 ,
1626 2573 1657 2644 P
1672 2569 2009 2702 ³²⁸³Ph²f¹³¹³
2087 2683 2096 2703 ‚
2191 2681 2201 2699 ‚
2313 2673 2314 2680 ,

284 2707 434 2805 privatis
449 2713 566 2784 bonis.
603 2714 732 2786 Postea
751 2715 919 2784 adfinem
934 2739 1046 2810 usque
1063 2727 1276 2804 estrespon-
1325 2669 1432 2746 h⁰¹¹¹⁸
1454 2673 1526 2746 ¹⁰⁶¹
1556 2669 1606 2766 li·
1625 2676 1693 2773 1.);
1732 2677 1954 2820 Illl‘dfflffl'
1972 2685 2284 2808 “d‘l'i’l'mmlll

286 2809 339 2882 sto
360 2817 534 2906 quaenam
553 2817 597 2888 ne
617 2817 692 2887 fito
713 2829 749 2886 er
763 2815 968 2900 nonnum
1002 2806 1088 2889 aem
1114 2817 1157 2886 ae
1180 2815 1274 2885 serto
1753 2790 1818 2851 ⁰²⁰·
1863 2781 1892 2878 )·

284 2909 491 3008 Hispanico.
541 2917 713 3012 Epilogus
728 2916 836 2990 habet
851 2919 1108 3012 praecisionem
1125 2943 1145 2988 a
1163 2932 1276 2989 trans·
1430 2913 1539 2985 Dolet
1561 2910 1653 2984 mihi
1672 2917 1826 2988 movisse
1849 2941 1949 2991 meas
1972 2905 2110 2991 litteras
2136 2917 2195 2987 tibi
2225 2939 2286 2985 earn

285 3014 420 3089 latione
434 3046 519 3092 suae
534 3023 745 3095 timiditatis.
795 3021 838 3092 In
859 3025 929 3094 fine
951 3026 1123 3096 admonet
1145 3025 1189 3092 de
1203 3022 1277 3114 Ap-
1328 3018 1587 3110 suspicionem,
1612 3029 1653 3088 nt
1668 3021 1829 3092 crederes
1844 3046 1903 3091 me
1919 3022 2184 3116 adPompeinm
2197 3033 2288 3089 trane

286 3118 348 3212 pio
366 3121 533 3193 etCnrtio
550 3128 793 3217 expetentibus
808 3128 938 3197 frustra
954 3115 1190 3218 triumphum.
1231 3124 1279 3196 Et
1329 3122 1380 3190 ire
1397 3122 1498 3194 velle.
1550 3115 1649 3192 Nihil
1674 3124 1771 3194 enim
1792 3123 1890 3195 aliud
1917 3125 1955 3194 in
1977 3125 2021 3197 iis
2042 3127 2115 3218 egi,
2146 3131 2288 3218 quarunt

287 3221 397 3313 petit,
420 3237 478 3316 ¹ut
501 3227 642 3314 omnia,
683 3241 885 3325 quaesunt
906 3253 988 3314 sua,
1028 3231 1277 3300 commendata
1330 3224 1568 3292 calamitatem
1585 3217 1715 3293 horum
1735 3237 1939 3320 temporum
1956 3229 2191 3323 deplorarem,
2203 3245 2289 3318 quarn

285 3315 427 3398 habeat.
1329 3327 1396 3395 tibi
1413 3349 1557 3420 quoque
1573 3327 1740 3398 acerbam
1762 3354 1835 3401 esse
1856 3330 1988 3403 iudico.
2040 3333 2134 3426 Quia
2148 3335 2290 3399 autemst

1330 3428 1496 3519 Pompeii
1523 3451 1580 3500 ros
1609 3427 1801 3502 inclinatae
1833 3444 1935 3520 sunt,
1978 3444 2014 3504 et
2040 3458 2105 3529 ego
2128 3435 2164 3504 in
2185 3451 2290 3522 magna

1331 3533 1427 3624 apud
1443 3531 1631 3603 Caesarem
1646 3557 1725 3604 sum
1738 3535 1872 3626 gratia,
1897 3537 2031 3624 miror,
2059 3540 2155 3634 qnod
2167 3563 2219 3608 me
2233 3550 2290 3605 tam

390 3631 632 3727 Responsoria
651 3654 702 3710 est
720 3639 868 3732 epistola
884 3641 930 3710 ad
946 3637 1181 3732 penultimam
1193 3637 1280 3710 Cae-
1331 3632 1574 3727 improvidum
1593 3647 1656 3706 aul
1676 3637 1938 3711 inconstantem
1956 3663 2031 3714 esse
2055 3639 2293 3721 existimaveris,

287 3722 347 3819 lii,
385 3737 516 3832 inqua
541 3729 808 3834 diligentissime
833 3737 1041 3816 dehortatus
1062 3754 1115 3814 est
1132 3743 1281 3814 'Cicero-
1331 3749 1373 3808 ut
1402 3739 1563 3808 crederes
1591 3763 1649 3808 me
1678 3763 1780 3809 arma
1805 3742 1972 3836 Pompeii
2000 3758 2200 3816 secuturum
2223 3765 2293 3812 esse.

221 3881 225 3891 .
289 3863 394 3924 nem,
434 3864 478 3910 ne
507 3867 543 3918 se
574 3847 805 3936 coniungeret
831 3870 911 3917 cum
933 3845 1121 3940 Pompeio.
1188 3845 1280 3918 Cum
1328 3839 1424 3912 nam
1442 3843 1539 3936 quod
1554 3840 1680 3934 scripsi
1695 3867 1752 3912 me
1767 3839 1898 3916 habere
1911 3845 2011 3918 triste
2025 3849 2218 3932 consilium,
2240 3841 2293 3915 hoc

291 3941 386 4010 enim
401 3941 526 4013 Cicero
542 3969 585 4014 ex
605 3947 790 4040 provincia
809 3947 1030 4032 decessisset,
1057 3949 1281 4044 aliquamdiu
1331 3943 1447 4035 ipsum
1469 3943 1554 4028 suit,
1594 3946 1692 4038 qu⁰d
1725 3958 1765 4015 1¹1
1795 3973 1938 4044 (111⁰th
1962 3951 2152 4036 ῐῦῡῦῑῑὶδῑῖ,
2184 3963 2237 4035 ut,
2271 3941 2293 4015 δί

203 4088 205 4094 1
265 4042 330 4110 “in
345 4043 496 4115 Graecia
516 4063 677 4122 moratus
701 4063 772 4134 est,
806 4052 956 4142 posted
978 4053 1104 4122 urbem
1125 4052 1280 4137 accessit,
1330 4047 1472 4131 liceret,
1495 4047 1647 4118 libenter
1662 4073 1719 4118 me
1735 4049 1773 4118 in
1794 4051 1913 4123 locum
1940 4052 2098 4148 aliquem
2121 4045 2293 4125 conferrent

290 4143 356 4216 ubi
370 4150 520 4219 tentavit
534 4153 653 4225 varias
666 4153 823 4224 rationes
849 4154 1046 4224 firmandae
1067 4155 1165 4246 pacis
1186 4154 1281 4224 iuter
1331 4162 1510 4220 remotum
1526 4173 1546 4218 a
1561 4149 1723 4222 civilibus
1738 4154 1858 4225 armis.
1909 4154 2035 4251 Neque
2057 4157 2151 4229 enim
2172 4173 2294 4250 possum

293 4243 481 4318 Gaesarem
499 4263 534 4320 et
549 4253 774 4350 Pompeium.
828 4255 936 4350 Quod
951 4281 1032 4328 cum
1053 4259 1184 4330 frustra
1207 4281 1280 4329 esse
1331 4251 1407 4323 sine
1424 4252 1582 4322 maximo
1596 4253 1723 4324 dolore
1741 4269 1860 4328 motus
1881 4271 2052 4350 spectare.
2111 4261 2177 4332 Sed
2196 4276 2295 4329 mora·

225 4439 227 4442 Ι
293 4363 474 4438 cerneret,
506 4367 541 4424 et
552 4356 745 4453 Pompeius
769 4385 812 4432 ex
833 4360 922 4432 urbe
944 4357 1094 4430 etltalia
1116 4363 1162 4430 ad
1183 4385 1282 4431 exer·
1332 4367 1392 4424 tur
1406 4353 1537 4424 meilla
1553 4379 1685 4448 pompa
1702 4355 1956 4450 imperatoria,
1988 4387 2151 4458 quaeque
2170 4363 2294 4433 moltslt

295 4453 405 4525 citum
428 4457 468 4526 in
488 4454 640 4550 Epirum
666 4464 896 4554 confugisset,
933 4463 1052 4533 noluit
1074 4485 1155 4533 enm
1180 4463 1282 4558 sequi
1333 4468 1397 4542 est,
1422 4481 1489 4527 nec
1503 4457 1650 4550 patitur,
1676 4471 1717 4530 ut
1731 4461 1769 4531 in
1781 4459 1881 4532 ltalia
1899 4463 2032 4536 alicubi
2044 4467 2185 4537 lateam.
2220 4465 2296 4536 Nam

297 4553 442 4643 Cicero,
476 4562 539 4632 sed
565 4564 757 4636 arbitratus
783 4579 835 4636 est
862 4566 1079 4638 tutissimum
1109 4589 1200 4649 esse,
1241 4579 1282 4636 ut
1332 4559 1371 4630 in
1386 4561 1507 4632 oculos
1524 4555 1713 4632 hominum
1731 4564 1900 4650 incurrit,
1927 4579 1963 4636 et
1981 4569 2234 4640 malevolorum
2253 4583 2297 4631 ct·

178 4685 179 4688 ¹
295 4671 474 4751 spectator
498 4678 589 4736 esset
614 4668 759 4742 illarum
787 4670 973 4742 turbarum
1004 4667 1124 4740 neutri
1151 4664 1283 4739 adhae-
1332 4663 1477 4735 lumniis
1495 4664 1703 4756 exagitatur.
1754 4667 1879 4762 Neque
1901 4680 2023 4740 tamen
2044 4695 2201 4768 unquam
2222 4663 2297 4758 cogi·

294 4762 431 4846 rendo,
457 4765 571 4838 donec
585 4771 715 4843 Caesar
728 4769 766 4839 in
781 4770 992 4863 Hispaniam
1019 4785 1142 4842 contra
1161 4771 1283 4842 Petro·
1317 4767 1409 4836 ,tavi
1432 4767 1476 4836 de
1497 4769 1742 4860 profectione.
1785 4769 1956 4842 Retinent
1978 4771 2073 4844 enim
2096 4798 2153 4845 me
2173 4767 2297 4868 praedia

296 4863 371 4934 ium
395 4875 431 4933 et
451 4864 640 4942 Afranium
668 4888 851 4967 praetores
874 4871 1059 4966 Pompeii,
1099 4873 1161 4970 qni
1186 4887 1283 4944 tene·
1334 4893 1434 4954 mea,
1461 4871 1627 4964 aquibus
1641 4872 1717 4942 sine
1733 4897 1864 4965 magno
1880 4878 2040 4968 periculo
2062 4879 2116 4947 rei
2134 4870 2297 4948 familiaris

293 4963 615 5064 bantHispaniam,
631 4999 710 5046 curn
726 4977 882 5048 exercitu
894 4978 1072 5066 proiectos
1086 4990 1151 5047 est.
1186 4977 1283 5047 Tum
1334 4971 1474 5064 longius
1492 4975 1612 5045 abesse
1627 4999 1702 5045 non
1714 4999 1872 5068 possum.
1931 4979 2040 5072 Quod
2056 4995 2173 5052 autem
2189 4981 2299 5049 inma-

296 5071 392 5140 enim
406 5071 530 5144 Cicero
546 5077 591 5145 ad
606 5075 819 5171 Pompeium
836 5079 874 5148 in
883 5078 1072 5149 Graeciam
1088 5078 1283 5170 navigavit,
1333 5075 1464 5146 ritimis
1484 5101 1583 5162 sum,
1616 5101 1692 5150 non
1715 5103 1758 5150 eo
1779 5080 1892 5167 facio,
1924 5097 1966 5154 nt
1978 5083 2091 5155 facilis
2104 5085 2149 5154 ad
2164 5085 2297 5174 Pompe-

204 5190 208 5198 ·
298 5199 340 5243 ae
364 5197 509 5270 cumen
533 5181 684 5269 mansit,
721 5184 836 5254 donec
863 5180 1011 5250 victoria
1033 5181 1171 5272 potitus
1193 5193 1285 5251 esset
1331 5177 1409 5248 ium
1431 5176 1614 5270 navigatio
1636 5181 1693 5254 sit.
1752 5179 1826 5254 Cur
1851 5183 1947 5256 enim
1974 5211 2032 5258 me
2052 5183 2222 5281 Pompeio
2249 5179 2298 5252 ad·

297 5276 440 5351 Caesar.
473 5277 738 5373 Estergehaec
752 5283 901 5376 epistola
915 5283 1060 5375 scripta,
1073 5280 1282 5376 priusquam
2248 5299 2250 5304 ’

533 3496 671 3572 Aliud
707 3514 1036 3595 argumentum.

295 5379 334 5447 in
351 5377 562 5476 Hispaniam
577 5384 733 5461 abiisset.
779 5383 822 5460 In
836 5409 977 5460 summa
992 5395 1112 5459 antem
1130 5384 1284 5460 ostendit
1367 5343 1713 5470 ¹⁵⁷isiolelxiililitilm¹⁸⁵
1737 5348 1766 5404 ‘l
1785 5362 1907 5452 mm
1930 5347 1962 5408 ω
1983 5347 2069 5488 wll]
2087 5354 2180 5426 Μ’
2201 5351 2299 5410 Ν·

341 5711 475 5754 Δ.
