4560 5792
270 225 345 300 719
396 228 402 240 ’
730 203 734 212 ’
851 213 974 288 PlllL.
1008 207 1123 282 MEL.
1155 202 1359 280 SCRIPTA
1390 195 1731 275 rflnometch
2192 201 2245 274 τω

269 412 326 481 te,
350 419 468 490 neque
484 406 589 462 vacat
605 416 701 462 nunc
717 388 855 474 dicere,
879 387 936 457 vel
955 385 1084 482 quibus
1107 381 1166 452 ille
1188 403 1268 472 gra-
1320 388 1440 446 menta
1471 373 1594 444 omnia
1621 378 2045 492 praeoccupata-teneat,
2083 366 2156 464 Μ)
2178 367 2248 490 reh-

271 499 361 569 tiam
386 498 531 580 debeat,
557 495 815 588 rempublicam
839 515 880 561 ex
903 489 979 560 eius
1000 486 1190 558 commodo
1210 506 1268 574 ge·
1319 491 1459 550 menter
1476 491 1589 556 errata
1616 479 1762 573 quando
1778 499 1875 544 emm
1891 493 2037 562 imperta
2057 471 2248 590 benevolentia

270 601 453 683 rentibus,
492 599 549 667 vel
579 600 623 668 de
653 597 782 693 quibus
802 619 867 665 vos
888 591 1102 685 supplicium
1126 609 1268 659 sumere
1319 581 1625 678 continentur'),
1649 603 1714 648 nec
1737 579 1871 662 socios,
1899 577 1960 670 qni
1983 587 2192 643 communiter
2206 577 2250 644 bel·

273 703 475 774 conveniat.
526 700 644 771 Porro
661 723 752 794 quae
768 709 953 792 praeterea
974 714 1187 786 cognoscere
1203 712 1269 782 par
1319 687 1394 756 lum
1416 696 1565 777 gerunt,
1591 681 1789 777 praesentis
1807 692 1919 753 status
1940 677 2113 772 poenitet,
2139 681 2264 746 tund*

273 817 346 889 me,
389 829 550 900 quaeque
573 803 624 872 illi
646 803 800 873 maxime
820 801 957 895 probro
988 809 1091 880 sunt,
1131 791 1269 887 siquis
1322 813 1420 859 mum
1444 787 1573 856 infide
1599 797 1831 880 permanent,
1863 807 1928 854 nec
1958 783 2053 875 piget
2079 781 2192 851 laboris
2215 801 2252 856 aut

271 920 368 977 reme
384 906 567 989 aestimet,
593 905 899 976 commemorabo.
951 901 1049 995 Quid
1074 910 1127 969 est
1149 907 1268 965 autem
1308 891 1584 985 periculorum:
1604 965 1609 973 ,
1626 890 1772 986 quando
1798 911 1885 957 vero
1917 885 2088 956 maleficio
2114 911 2149 956 ac
2168 890 2254 959 scelere

270 1010 428 1093 facilius,
470 1032 579 1103 quam
606 1011 781 1102 perfidum
811 1019 846 1077 et
874 1005 1060 1100 periurum
1090 998 1270 1093 adpellare
1322 1007 1466 1090 partum
1491 1005 1544 1064 est
1561 992 1773 1085 imperium,
1804 991 1921 1084 prima
1944 989 2081 1061 occasio
2102 1003 2133 1060 et
2151 991 2254 1061 lereiu

272 1109 502 1203 Philippum,
528 1111 565 1180 id
582 1136 668 1181 vero
687 1113 794 1182 inane
812 1109 1013 1181 convicium
1037 1117 1108 1190 est,
1142 1103 1271 1174 sinon
1323 1097 1522 1170 fortunium
1541 1095 1675 1168 alienat
1689 1095 1869 1168 sociorum
1896 1093 2057 1176 animos,
2087 1107 2119 1164 et
2140 1098 2255 1166 convellit

274 1217 459 1299 ostendas,
499 1215 586 1310 quid
610 1215 766 1306 gesserit.
831 1211 956 1307 ltaque
981 1235 1038 1282 res
1058 1207 1133 1280 eius
1157 1218 1272 1299 gestas
1324 1204 1531 1275 universnm
1548 1214 1680 1275 statum
1697 1223 1832 1284 rerum,
1854 1221 1972 1292 neque
1987 1196 2081 1266 enim
2095 1199 2256 1290 lieripotrst,

273 1319 401 1388 ordine
431 1317 667 1403 excutiemus,
705 1331 747 1389 nt
767 1315 840 1389 suis
862 1313 1042 1386 coloribus
1064 1335 1145 1382 eum
1170 1307 1272 1379 vobis
1323 1321 1364 1379 ut
1385 1307 1511 1380 stabile
1532 1331 1574 1377 ae
1594 1307 1737 1376 firmum
1763 1301 1955 1394 imperium
1978 1315 2187 1396 comparetur
2200 1302 2256 1372 inin·

192 1448 195 1453 ·
274 1421 531 1513 depingamus,
571 1419 609 1489 id
631 1422 721 1491 adeo
743 1421 853 1491 refert
872 1418 961 1490 lieri.
1029 1417 1125 1487 Tum
1147 1425 1188 1484 ut
1210 1414 1271 1482 ad·
1323 1411 1408 1496 riis,
1451 1410 1648 1504 peierando
1676 1421 1713 1478 et
1734 1407 1881 1491 fraude,
1923 1405 2103 1503 paulisper
2122 1401 2258 1477 haector·

274 1535 402 1618 pareat
431 1523 467 1590 id
500 1524 598 1616 quod
630 1548 686 1595 res
713 1537 784 1610 est,
823 1522 925 1592 illum
949 1517 1160 1590 imbecillem
1185 1540 1272 1599 esse,
1323 1515 1473 1598 sistunt,
1505 1513 1707 1608 florentque
1729 1513 1924 1607 tantisper,
1954 1515 2041 1584 dum
2059 1513 2177 1582 bonam
2195 1515 2257 1582 dese

275 1639 353 1696 tum
367 1637 408 1696 ut
423 1625 568 1696 videant
584 1639 619 1696 et
634 1622 686 1711 hi,
712 1627 776 1723 qui
793 1637 975 1709 metuunt,
995 1648 1041 1694 ne
1057 1622 1103 1694 sit
1119 1619 1272 1690 invictus
1324 1643 1422 1710 spem
1443 1616 1636 1709 praebent,
1661 1629 1783 1710 postea
1800 1617 1860 1688 ubi
1877 1615 1964 1686 vitia
1990 1612 2256 1710 deprehenduntur,

274 1726 483 1820 Philippus,
509 1724 600 1798 nihil
624 1755 750 1800 eorum
775 1729 1098 1800 instrumentorum
1125 1737 1273 1804 restore,
1323 1732 1436 1792 ruunt
1450 1721 1586 1792 omnia.
1637 1719 1799 1790 Utenim
1817 1718 1990 1806 aedilicii,
2023 1724 2140 1807 navis,
2165 1721 2258 1789 etalio

276 1830 406 1926 quihus
432 1826 604 1904 hactenus
629 1834 759 1904 abusus
785 1857 871 1925 opes
897 1857 979 1916 suas
1004 1828 1114 1901 auxit.
1181 1821 1272 1896 Mihi
1325 1849 1406 1894 rum
1425 1823 1461 1894 id
1477 1848 1589 1915 genus
1604 1823 1705 1892 firma
1724 1823 1958 1894 fundamenta
1983 1823 2139 1894 iacienda
2161 1823 2258 1914 suot'),

277 1959 423 2030 qnoque
435 1934 672 2007 formidabilis
689 1947 779 2008 esset
787 1932 996 2027 Philippus,
1022 1929 1172 2006 sibonis
1188 1929 1274 1998 arti·
1326 1927 1375 1997 ita
1392 1926 1621 2018 negotiorum
1636 1925 1798 1997 omnium
1816 1951 1941 1998 causae
1959 1939 1996 1997 et
2015 1926 2114 1997 initia
2140 1929 2221 2022 proba
2236 1951 2259 1994 at

275 2038 343 2108 bns
378 2049 515 2106 tantam
546 2039 745 2130 potentiam
778 2050 1007 2109 consecutum
1039 2030 1273 2126 rideremfl).
1326 2031 1417 2101 iusta
1435 2030 1664 2101 esscdebent.
1722 2027 1763 2100 ld
1785 2055 1870 2100 vero
1893 2030 1932 2100 in
1948 2025 2109 2125 Philippi
2132 2034 2259 2120 rebnsge

277 2137 326 2208 At
356 2163 437 2209 cnm
468 2139 656 2232 diligenter
688 2141 809 2211 omnia
832 2141 1076 2232 contemplor,
1113 2135 1275 2206 animad-
1326 2133 1389 2206 stis
1403 2157 1632 2231 nequaquam
1650 2143 1713 2205 est.
1765 2133 1924 2205 Proinde
1939 2133 2059 2205 sentio
2081 2135 2210 2228 primun
2227 2157 2259 2201 ae

277 2253 380 2312 verto
404 2267 486 2312 eum
508 2243 719 2336 imposuisse
740 2247 865 2330 nobis,
892 2270 971 2316 cum
990 2242 1221 2337 polliceretur
1238 2264 1274 2310 se
1327 2237 1413 2308 xiiio
1432 2239 1609 2309 iuvandos
1635 2263 1709 2308 esse
1723 2233 1935 2332 Olynthios,
1968 2238 2080 2333 idque
2107 2237 2259 2330 optarint

277 2344 385 2416 nobis
405 2342 644 2439 Amphipolin
664 2349 882 2419 traditurum
910 2345 1066 2445 esse'),
1108 2347 1275 2414 efficeret-
1327 2339 1597 2432 diligentissime
1621 2341 1794 2411 adornari
1817 2355 1852 2434 et
1875 2343 2067 2412 maturari.
2105 2341 2259 2436 ¹Deindcet

278 2471 368 2543 que,
397 2472 443 2518 ne
467 2451 672 2522 audiremus
696 2448 889 2545 Olynthios
908 2453 1067 2521 facturos
1088 2449 1273 2518 nobiscum
1328 2447 1372 2513 ad
1389 2439 1581 2516 Thessalos
1595 2445 1730 2537 legatos
1743 2445 1850 2530 mitti,
1873 2443 1936 2540 qui
1952 2467 2037 2515 cnm
2051 2447 2195 2527 doceant,
2215 2441 2260 2536 quil

277 2549 507 2637 societatem,
547 2578 700 2650 cumque
728 2566 851 2625 nostra
881 2577 990 2647 opera
1015 2554 1105 2622 clam
1131 2562 1277 2644 pararet
1329 2551 1372 2618 de
1387 2544 1558 2640 Philippo
1573 2549 1640 2620 sibi
1656 2547 1819 2641 polliceri
1832 2549 1989 2642 possint,
2023 2562 2099 2620 tum
2122 2551 2161 2618 ad
2179 2548 2259 2616 bellun

277 2653 442 2746 Pydnam
461 2653 632 2748 recipere.
665 2655 781 2726 Video
797 2669 833 2726 et
847 2659 1051 2728 societatem
1072 2681 1152 2724 cum
1164 2652 1277 2748 Olyn·
1329 2653 1544 2736 accendant,
1570 2654 1751 2722 decretum
1775 2653 1870 2723 enim
1895 2654 2031 2723 factum
2055 2665 2124 2738 est,
2148 2652 2261 2740 de'Paga·

278 2751 672 2846 thiisfraudefactam,
700 2784 779 2830 cum
797 2761 1007 2831 Potidaeam
1023 2757 1277 2830 nobisadime-
1329 2755 1376 2828 sis
1401 2755 1626 2848 repetendis,
1665 2769 1700 2824 et
1731 2759 1775 2824 de
1798 2755 1982 2849 Magnesia
2007 2757 2081 2826 iam
2110 2755 2260 2826 consultant

276 2871 353 2944 ret,
376 2883 545 2956 eamque,
571 2859 663 2932 nihil
680 2865 815 2936 veritus
830 2889 910 2952 nos,
937 2865 1147 2962 quibuscum
1167 2860 1277 2932 socie-
1329 2857 1446 2930 Porro
1462 2855 1531 2929 hoc
1547 2860 1803 2951 praestandum
1820 2872 1873 2930 est
1890 2859 2014 2946 vobis,
2042 2885 2087 2930 ne
2109 2860 2205 2929 verbis
2221 2869 2260 2922 tat·

277 2963 440 3048 terserit,
467 2965 628 3052 laedere,
655 2967 725 3040 illis
746 2969 906 3040 tradidit.
958 2969 1147 3040 Postremo
1165 2961 1277 3039 Thes·
1330 2979 1407 3036 tum
1426 2975 1534 3055 agant
1550 2986 1626 3031 rem
1642 2963 1769 3054 legati,
1795 2965 1857 3035 sed
1882 2965 2050 3060 exemplo
2078 2955 2260 3038 vestrofbo

278 3064 373 3136 salos
396 3066 523 3154 video,
560 3072 690 3164 quibus
712 3071 891 3165 pollicitus
914 3085 967 3144 cst
991 3098 1028 3146 se
1054 3073 1276 3168 Magnesiam
1331 3069 1425 3144 salos
1440 3065 1677 3156 inflamment,
1701 3092 1780 3141 curn
1798 3093 1865 3165 pro
1881 3072 1981 3144 urbis
1999 3071 2167 3166 dignitate
2180 3064 2262 3162 expedi

280 3155 497 3239 traditurum
514 3196 608 3259 esse,
632 3185 668 3244 et
688 3189 936 3268 suscepturum
958 3202 995 3246 se
1020 3203 1145 3250 eorum
1172 3203 1276 3251 causa
1331 3181 1466 3252 tionem
1482 3177 1725 3274 susceperitis,
1751 3189 1787 3248 et
1800 3204 1947 3250 manum
1962 3176 2075 3250 rebus
2088 3171 2250 3250 admoveris

279 3264 628 3346 Phocensebellum.
669 3274 710 3345 ln
724 3303 886 3364 summa,
912 3305 1019 3350 nemo
1035 3296 1088 3352 est
1103 3283 1278 3369 omnium,
1330 3283 1394 3356 Est
1415 3285 1510 3354 enim
1534 3285 1652 3356 inanis
1674 3285 1810 3377 oratio,
1850 3282 1921 3363 nisi
1944 3307 2097 3367 htatt‘rim
2123 3295 2249 3367 admotif

282 3371 514 3466 quibuscum
541 3402 584 3446 eo
608 3403 664 3450 res
685 3381 771 3465 fuit,
806 3408 911 3478 quem
937 3407 1011 3452 non
1033 3385 1217 3472 fefellerit,
1244 3402 1279 3457 et
1332 3390 1496 3483 inprimis
1513 3393 1557 3462 de
1572 3405 1694 3464 nostra
1712 3395 1820 3474 urb'e;
1852 3421 2037 3492 namquo
2063 3401 2262 3472 citiusinrun

280 3477 430 3546 adeum
454 3481 603 3551 modum
624 3484 754 3554 abusus
779 3485 878 3554 omni
903 3485 1165 3578 imprudentia,
1200 3491 1278 3586 qui·
1332 3494 1504 3587 impeturn
1523 3495 1714 3582 faciemus,
1742 3523 1784 3566 eo
1802 3500 1914 3592 magis
1932 3499 1983 3569 itti
2001 3503 2160 3574 diffident
2179 3523 2261 3572 onon

278 3577 346 3649 bus
363 3603 438 3650 non
454 3597 530 3652 erat
547 3587 695 3680 propius
715 3597 852 3674 notus,
867 3616 932 3683 per
955 3592 1177 3664 occasionem
1202 3620 1276 3664 cre·
1332 3597 1523 3692 Magnam,
1549 3599 1703 3686 credite,
1736 3603 1973 3674 mutationem
2002 3631 2067 3678 vos
2092 3603 2261 3678 allaterat

249 3683 343 3760 avit.
410 3686 568 3756 Proinde
599 3715 679 3760 cum
705 3685 773 3760 hoc
797 3695 907 3764 ruodo
937 3720 1022 3788 opes
1048 3696 1123 3768 eius
1151 3711 1276 3768 auctae
1330 3702 1397 3774 lius
1413 3703 1538 3788 rebus,
1565 3701 1768 3776 sividerint
1782 3723 1849 3780 nos
1873 3710 2000 3804 cupide
2024 3716 2199 3798 conferre,
2211 3705 2262 3778 uili

246 3850 252 3860 .
279 3791 370 3874 sint,
404 3791 489 3859 dum
512 3790 641 3886 singuli
663 3795 867 3867 existimant
891 3823 973 3867 eum
996 3800 1195 3872 commodis
1217 3827 1276 3872 eo·
1329 3819 1426 3894 tare,
1455 3806 1649 3906 omniaque
1662 3809 1828 3883 alacriter
1841 3814 1967 3887 facere.

279 3919 360 3962 rum
375 3891 530 3978 servire,
557 3917 696 3967 necesse
715 3909 767 3967 est
783 3902 905 3968 eadem
924 3901 980 3971 via
1006 3905 1118 3974 everti
1143 3930 1276 3978 rursus.
1431 3908 1506 3981 lam
1523 3911 1553 3982 si
1569 3938 1715 4006 pergere
1738 3917 1942 4002 volueritis,
1972 3943 2053 3990 non
2074 3923 2173 3990 modo
2191 3917 2216 3984 in
2232 3933 2260 3980 tt

237 4077 240 4086 .
278 3993 520 4092 Posteaquam
553 3995 856 4092 deprehenderint
882 4003 980 4072 illum
1011 4009 1145 4098 perfnle
1170 4035 1273 4082 suurn
1329 4015 1392 4086 ciis
1421 4041 1549 4108 parum
1583 4018 1751 4107 praesidii
1778 4017 1969 4112 Philippo,
2010 4027 2075 4096 sed
2111 4011 2261 4095 dbnretliffl

277 4096 463 4219 negotium
488 4100 609 4192 egisse.
662 4101 740 4173 Hoc
763 4103 800 4172 in
818 4117 911 4177 statu
929 4121 1012 4178 sunt
1031 4107 1191 4209 Philippi
1208 4140 1276 4187 res.
1328 4119 1435 4188 etiam
1463 4119 1612 4218 vires⁶⁴)
1635 4121 1811 4193 invalidas
1833 4149 1907 4195 csse
1929 4129 2167 4222 comperietis;
2198 4122 2259 4217 plut

279 4203 388 4296 erod
404 4228 434 4272 s1
450 4203 508 4273 cui
528 4203 652 4275 videar
674 4232 815 4294 errare,
844 4235 908 4302 age
936 4215 1106 4304 prodeat,
1139 4232 1273 4290 etcum
1329 4225 1424 4292 euim
1441 4221 1680 4296 Macedonum
1700 4227 1793 4301 vires
1813 4255 1888 4302 non
1908 4231 2107 4305 mediocres
2128 4243 2260 4304 suntor

277 4303 388 4390 mihi,
415 4317 490 4376 tum
508 4310 609 4380 vobis
624 4310 772 4396 indicet,
801 4327 862 4383 aut
883 4315 945 4383 uhi
965 4317 1090 4399 fallar,
1117 4335 1180 4412 aut
1197 4323 1275 4417 qui·
1327 4327 1469 4396 iunctae
1485 4353 1564 4398 cum
1581 4331 1696 4403 suciis.
1737 4333 1870 4426 Quales
1886 4351 2008 4424 erant,
2036 4363 2114 4410 cum
2132 4333 2258 4408 nobiscum

277 4433 363 4478 uam
386 4411 573 4496 omnium,
610 4415 739 4509 quibus
761 4415 820 4487 ille
841 4418 950 4488 semel
975 4419 1163 4514 imposuit,
1195 4451 1274 4520 per·
1328 4430 1365 4499 in
1401 4431 1511 4502 armis
1542 4447 1678 4520 essent,
1720 4443 1866 4534 quando
1893 4440 2089 4513 Timotheo
2115 4443 2190 4512 duce
2215 4451 2257 4500 sssf

277 4525 364 4628 gant
379 4513 411 4580 ei
427 4515 592 4600 credere,
620 4529 682 4586 :arrt
697 4545 803 4614 quam
823 4521 1000 4614 patienter
1017 4522 1180 4600 Thessali
1202 4557 1274 4603 scr·
1328 4531 1509 4630 Olynthiis
1542 4537 1674 4610 bettum
1710 4544 1910 4632 gerebatur.
1976 4545 2116 4618 Deinde
2146 4553 2257 4630 magron

277 4627 426 4684 vitutem
441 4617 579 4706 ferant,
602 4619 641 4690 in
655 4647 763 4716 quarn
780 4638 922 4717 praeter
939 4629 1105 4702 meritum
1123 4633 1274 4706 coniecti
1327 4641 1520 4709 exercitum
1543 4643 1746 4715 conflarunt
1765 4649 1810 4716 ad
1826 4649 2040 4720 Potidaeam
2064 4643 2257 4744 Olynthiorun

276 4729 372 4788 ΝΜ·
1327 4745 1763 4822 accessioneMacedones.
1804 4751 1915 4822 Modo
1932 4779 2017 4824 vero
2027 4751 2191 4824 Thessalis
2204 4745 2257 4810 inter

307 4895 310 4903 ,
366 4849 851 4959 'Porrosiquhexisfimm’
877 4895 1096 4968 quamquam
1114 4870 1273 4945 haece„
1325 4872 1362 4917 se
1382 4847 1634 4921 dissidentibus
1658 4865 1694 4920 et
1714 4856 1951 4944 perturbatis,
1984 4859 2162 4928 adversum
2183 4862 2256 4942 tyrtss·

259 5017 302 5064 ge
329 4972 516 5059 habea-'¹²2
557 4980 677 5040 tamen
703 4973 736 5041 vi
761 4971 902 5067 imperii
929 4977 1187 5068 possessionem
1212 4981 1273 5048 de·

253 5096 567 5166 sensui-umens&
599 5078 697 5168 qll⁰d
720 5078 852 5169 Oppida
877 5105 919 5148 51⁰
946 5095 1072 5171 P01'iUS
1096 5093 1132 5151 θῑ
1153 5081 1272 5154 muni·
1357 5115 1409 5174 Μ)
1428 5115 1503 5166 llaec
1529 5127 1584 5166 vox
1610 5115 1637 5166 in
1662 5116 1743 5167 bolus
1767 5119 1819 5170 tte.
1842 5123 2011 5190 excerpunt,
2045 5135 2096 5188 quo
2120 5123 2186 5182 rur,
2207 5111 2253 5170 ΙΨ

996 5205 999 5215 ·
1396 5184 1514 5247 quodam
1533 5185 1673 5236 exstincta
1691 5189 1734 5236 eat
1751 5187 1865 5263 eiusque
1885 5193 1962 5242 locus
1981 5196 2067 5244 ruent.

267 5274 486 5296 bunun-¹·-

1359 5285 1410 5345 62)
1429 5287 1464 5342 tt.
1482 5289 1500 5337 t.
1519 5290 1645 5344 annoht.
1665 5291 1801 5357 margin:
1826 5295 1918 5346 Locus
1936 5297 2091 5349 murronis.

268 5356 275 5364 ¹
300 5377 353 5440 59)
373 5381 406 5431 tt.
422 5380 445 5428 t.
459 5373 559 5426 namot.
578 5363 715 5430 mssfgfflst
739 5363 906 5425 Propoetem,
1359 5387 1409 5447 aa)
1427 5389 1462 5442 a.
1479 5388 1499 5441 1.
1518 5391 1613 5440 annot.
1632 5393 1767 5459 margia:
1792 5395 1957 5453 Similitudo.

308 5493 358 5551 60)
377 5495 409 5544 n.
429 5493 450 5543 t.
464 5491 563 5545 annot.
582 5483 716 5547 margin:
746 5485 843 5546 orella
862 5495 931 5550 erge
949 5486 1044 5538 coelos
1061 5489 1216 5554 etlumen.
1285 5511 1289 5518 ·
1361 5489 1411 5551 64)
1431 5493 1500 5547 nt
1522 5495 1616 5546 maol„
1633 5499 1768 5564 margin:
1792 5501 1834 5552 ns
1854 5502 2012 5556 dommum
2029 5501 2129 5555 miuus
