4548 5788
115 3985 122 3994 ·
227 3957 331 4020 tuae
358 3945 627 4037 conspiciuntur
653 3943 890 4037 athletarum,
932 3951 970 4020 in
1000 3963 1122 4028 nostra
1155 3977 1242 4021 vero

229 203 308 280 nso
665 175 1721 278 ..·t·'-rtmottnt.;mttm1’ttwtfflus..
2165 209 2216 288 tte

234 377 596 460 &conducerem
623 379 732 472 quern
747 377 840 471 quae
856 375 1005 450 exsasls
1029 379 1232 448 mstrsdr
1257 447 1261 495 Ῑ
1285 371 1511 446 debuine
1523 377 1626 448 solea
1641 373 1718 446 lou
1732 374 2053 471 ansemundo-⁸⁴).
2094 377 2168 450 dtu
2185 409 2219 452 se-

234 496 342 566 sunt.
367 483 558 554 defendere
574 481 779 572 regionem,
811 505 905 574 quoe
928 491 1115 550 nascentes
1136 477 1233 568 ipsos
1257 548 1262 572 ‚
1285 487 1391 548 natus
1405 476 1445 546 in
1460 479 1652 568 Areopago
1663 489 1681 560 ‚¹
1701 477 1801 552 enus
1812 479 2219 558 nummum-usuum
2255 479 2256 564 s

235 585 396 678 primum
414 584 551 676 excepit
565 594 600 652 et
616 584 726 667 abrit,
752 595 794 652 ut
811 584 945 652 iustum
961 593 1031 666 est,
1047 579 1233 652 ausisuntr
1258 578 1262 669 ξ
1285 603 1343 648 me
1373 581 1567 653 salutarem
1592 581 1701 654 luisse
1724 581 1777 654 illi
1794 582 2124 676 ‘temporiuidcrm
2147 609 2219 658 nana
2255 595 2256 666 l

237 690 340 760 utens
356 689 450 758 enim
465 687 714 756 benevolentia
730 685 848 756 maior
861 699 914 757 est
936 709 1020 776 erga
1042 707 1148 754 veros
1172 705 1234 773 pa·
1259 683 1262 764 ἵ
1285 685 1489 774 oxunplum
1505 697 1735 774 aspernetur..
1751 697 1840 756 trine
1850 686 2023 776 [rigiratus
2038 699 2093 758 aut
2105 690 2220 764 desum·

237 805 378 874 rustes,
406 790 572 885 aquibus
590 790 700 880 geniti
722 815 865 872 sumus,
891 811 1000 884 quam
1026 811 1111 880 erga
1133 785 1236 866 alios.
1259 786 1263 847 l
1287 797 1341 856 tes
1354 787 1726 877 patriamretractos,
1760 800 1935 882 tauquam
1958 785 2091 872 hostes,
2117 792 2222 864 imru

237 895 408 988 aquibus
423 891 585 986 adoptati
607 917 749 974 sumus,
777 893 959 976 itatem,
987 915 1081 986 quse
1106 910 1235 979 cogna-
1259 853 1400 974 licerit.
1746 953 1750 962 ,
1819 940 1823 953 .
1851 918 1856 958 ι

240 999 340 1068 tione
355 1021 426 1067 nos
440 996 602 1087 attingit,
629 991 774 1066 charior
795 999 867 1080 est.
895 1019 1004 1089 quam
1029 995 1100 1064 alia
1121 994 1236 1071 sedes.
1260 975 1265 1083 l
1390 989 1482 1062 cam
1495 1001 1618 1067 wem
1635 993 1706 1064 alie
1725 993 1854 1066 indicia
1871 997 1915 1064 de
1934 997 2042 1066 caede
2059 997 2222 1068 unumne

236 1103 282 1170 in
299 1101 409 1194 quam
424 1113 547 1192 postea
561 1101 729 1170 fortunae
745 1098 896 1168 arbitrio
919 1098 1075 1168 traducti
1095 1120 1234 1168 sumus:
1261 1096 1265 1241 l
1288 1089 1347 1166 hic
1360 1103 1806 1183 senatusteserceatanur
1827 1111 1880 1170 est
1901 1098 2156 1172 existinandun
2171 1127 2223 1172 eun

203 1197 206 1204 ¹
239 1205 293 1276 sic
314 1204 411 1274 eires
433 1203 548 1274 nostri
571 1217 777 1285 senserunt,
811 1202 895 1296 qui,
930 1225 1009 1272 curn
1037 1203 1074 1270 ln
1096 1197 1236 1293 proelio
1289 1198 1888 1291 tuncsliquidnrudelirsein'cires
1907 1201 2111 1274 decrevisse.
2152 1203 2224 1274 hun

236 1307 332 1378 surii
347 1307 498 1399 periculi
515 1329 595 1375 cum
612 1307 692 1376 aliis
706 1307 851 1398 optimis
867 1305 953 1376 viris
972 1303 1150 1387 fuissent.
1168 1302 1237 1372 dis
1287 1301 1406 1394 lycum
1417 1313 1625 1374 'sulsm’vus
1640 1305 1713 1396 ipsi
1721 1307 2009 1385 condemnastis,
2036 1307 2095 1399 qui
2114 1309 2226 1376 noodis

243 1411 397 1482 similem
434 1423 556 1480 tamen
585 1411 768 1483 fortunam
797 1405 1024 1490 habueram,
1065 1410 1238 1478 trauntur
1289 1405 1394 1476 cessit
1408 1405 1591 1496 ipssassrl
1604 1431 1757 1478 uxorum
1780 1414 1816 1480 e't
1835 1417 1968 1500 parvos
1986 1409 2115 1480 liberos
2132 1410 2225 1500 ablqe

245 1513 342 1584 enim
365 1513 478 1604 gloria
501 1510 643 1583 virtutis
665 1537 740 1582 non
764 1513 857 1596 viri,
891 1515 953 1582 sed
977 1505 1131 1592 mortnir
1162 1533 1238 1579 mn
1289 1508 1352 1580 vit.
1405 1507 1607 1582 Hunorum
1624 1511 2034 1606 pumaalliceretis'fl),
2061 1513 2225 1605 quigregen

245 1617 351 1699 victi,
385 1618 445 1687 sed
463 1616 500 1684 in
517 1639 559 1684 eo
576 1615 720 1686 extincti
734 1616 884 1708 vestigio
901 1613 939 1686 in
957 1615 1051 1700 areis,
1079 1616 1117 1684 iti
1140 1615 1235 1708 quod
1289 1610 1383 1682 bello
1405 1612 1576 1684 inutilem
1605 1615 1759 1698 dimisit,
1796 1616 1882 1710 quid
1909 1617 2134 1686 statuendum
2151 1619 2228 1687 estde

238 1741 313 1812 pro
329 1719 534 1790 defensione
550 1719 688 1812 patriae
704 1715 868 1790 collocati
883 1733 999 1790 erant.
1033 1713 1238 1790 heumihi
1288 1717 1390 1800 viro,
1418 1716 1484 1809 qui
1497 1718 1634 1808 patriae
1648 1721 1802 1810 gratiam
1817 1742 1886 1812 pro
1906 1719 2102 1790 nutritione
2120 1721 2227 1790 debiun

182 1889 186 1900 ,
244 1823 438 1893 conceditis
455 1823 627 1917 quiddam
646 1823 896 1894 admirabilius
909 1825 1045 1905 dicere,
1072 1824 1171 1918 quod
1186 1833 1239 1890 ta·
1286 1843 1366 1891 non
1381 1819 1524 1890 reddit?

234 1947 329 1995 uren
344 1949 470 1995 verum
486 1938 559 2010 est,
592 1927 640 1995 ita
659 1928 793 1996 mortui
816 1939 916 2011 sunt,
949 1941 989 1998 ut
1013 1928 1165 1998 vinam
1187 1925 1239 1994 t'o-
1394 1926 1576 1998 Pascua
1597 1930 1753 2021 populns
1775 1931 1957 2000 decretum
1980 1929 2083 2012 lactit,
2111 1939 2145 1996 ut
2159 1925 2229 1994 dicu

246 2025 330 2098 meri
352 2041 479 2100 essent.
537 2028 630 2100 Nam
653 2032 814 2122 praemia
837 2033 942 2124 longe
965 2045 1051 2102 sunt
1077 2025 1239 2124 palchen
1265 2077 1267 2091 .
1291 2033 1415 2100 dentes
1432 2045 1466 2100 et
1481 2056 1672 2105 commum
1687 2034 1887 2126 pauculum
1901 2033 2096 2125 fugientes,
2112 2033 2229 2102 ducnu·

245 2132 339 2201 rima
373 2132 522 2224 proelii,
553 2129 701 2205 libertas
729 2147 764 2204 et
785 2135 897 2226 gloria
928 2137 1083 2208 virtutis.
1144 2133 1240 2203 llaec
1292 2146 1351 2205 tur
1380 2135 1432 2202 rei
1462 2137 1699 2228 proditionis,
1739 2150 1774 2207 ct
1798 2139 2027 2208 allicerentur
2047 2134 2165 2205 ultimis
2182 2155 2256 2222 up.

235 2237 341 2306 bona
359 2235 605 2322 retinuerunt,
630 2261 697 2308 nec
714 2240 823 2309 cladis
837 2238 903 2310 sibi
921 2262 1024 2312 causa
1044 2253 1146 2322 sunt,
1169 2236 1239 2332 -qni
1292 2237 1419 2331 pliciis.

247 2365 324 2422 non
349 2338 465 2408 'animi
487 2343 795 2427 consternatione,
830 2345 890 2414 sed
913 2345 1057 2414 lonuna
1081 2341 1240 2434 superati
1395 2339 1486 2412 Cum
1503 2353 1622 2412 autem
1638 2343 1835 2416 sententiae
1853 2341 2156 2438 congnmnt'het
2169 2361 2232 2408 sena·

248 2455 350 2526 sont,
392 2465 543 2538 eosque,
585 2446 646 2540 qui
677 2447 819 2516 fortiter
848 2447 1067 2540 proeliantes
1090 2441 1241 2515 honeste
1293 2461 1351 2516 tus
1372 2446 1409 2516 in
1433 2446 1644 2542 Areopago,
1677 2461 1717 2518 et
1737 2447 1918 2532 iudicum,
1951 2447 2016 2545 qui
2042 2441 2233 2532 tunchutoly·

246 2557 402 2616 monem
418 2561 612 2640 oppetunt,
639 2573 747 2619 uerno
763 2563 858 2620 recte
875 2551 1004 2621 dixerit
1026 2551 1139 2620 victos
1155 2571 1241 2632 esse,
1290 2551 1630 2639 condemnarunt,
1656 2563 1691 2620 et
1706 2553 1887 2622 decretum
1906 2549 2035 2644 pepuli
2053 2549 2139 2620 idem
2153 2567 2234 2618 sanst-

248 2641 332 2750 qnia
356 2651 510 2742 gloriosa
534 2663 652 2722 morte
664 2665 804 2746 turpem
825 2655 1032 2724 servitutem
1054 2653 1241 2745 eilrrginut.
1291 2656 1360 2736 rit,
1387 2676 1617 2748 nequaquam
1632 2654 1763 2727 iustum
1783 2647 2142 2726 eritsententiamhis
2160 2673 2235 2720 eren·

246 2750 286 2823 ln
318 2750 449 2828 horum
479 2754 639 2828 virorum
668 2757 784 2829 virtus
812 2757 979 2830 ostendit.
1038 2757 1115 2829 soti
1145 2756 1239 2826 euim
1293 2757 1362 2852 plis
1381 2768 1417 2827 et
1432 2757 1582 2828 decretis
1598 2759 1816 2850 contrariam
1834 2761 1939 2828 icrre.
1992 2757 2156 2828 Omnium
2173 2753 2233 2822 euin

233 2859 410 2930 -ornnium
433 2859 609 2931 Graeciae
634 2861 836 2932 libertatem
866 2861 903 2930 in
933 2863 1005 2934 suis
1028 2855 1242 2954 corporibus
1294 2859 1526 2954 ingratissimi
1543 2863 1664 2934 essetis
1679 2875 1714 2934 ct
1729 2845 1964 2954 paucissimos
1985 2853 2139 2932 habituri
2158 2854 2235 2930 rectit

234 2953 444 3055 gestarunt.
501 2963 594 3036 Nam
623 2965 710 3059 ipsis
734 2966 896 3037 extinctis
919 2989 1004 3039 mox
1027 2962 1177 3038 Graecia
1203 2965 1241 3032 in
1293 2964 1433 3058 patriae
1452 2965 1666 3038 defensores.
2254 2955 2255 3046 l

247 3069 454 3167 seruitutem
474 3069 592 3153 venit,
618 3092 845 3140 ecunacum
864 3070 951 3163 ipsls
973 3071 1114 3162 patriae
1135 3069 1242 3138 liber-
1395 3065 1450 3138 Ex
1465 3063 1540 3151 his,
1568 3093 1661 3164 quae
1676 3068 1770 3152 dixi,
1796 3068 2025 3162 perspicuum
2042 3080 2110 3150 est,
2132 3061 2236 3132 uoca-

247 3181 302 3241 tas
318 3172 455 3264 sepulta
474 3185 537 3244 cst.
591 3171 671 3265 Qua
696 3198 738 3244 ex
758 3197 798 3244 re
820 3174 1050 3244 manifestum
1077 3185 1149 3257 est,
1182 3193 1243 3244 eos
1295 3185 1367 3259 tem
1388 3195 1491 3242 reurn
1516 3195 1590 3245 csse
1613 3173 1729 3244 laesae
1753 3172 1971 3256 maiestatis,
2012 3183 2050 3242 et
2071 3191 2172 3264 poena
2191 3161 2234 3232 atr

247 3296 323 3342 non
340 3273 471 3364 privati
487 3276 637 3368 periculi
661 3297 784 3358 causa,
819 3279 880 3347 sed
905 3300 972 3369 pro
993 3269 1179 3347 communi
1202 3275 1243 3351 li·
1282 3275 1460 3370 'ciendum
1480 3297 1565 3346 csse.

247 3378 499 3474 bertate'arma
517 3378 673 3468 gessisse.
725 3367 808 3450 Non
834 3378 943 3470 igitur
964 3381 1081 3449 dicere
1102 3400 1243 3462 versut,
1398 3375 1560 3470 lntelligo
1577 3391 1696 3452 antem
1713 3403 1863 3478 usurum
1880 3401 1953 3450 csse
1971 3371 2042 3448 hac
2066 3370 2234 3452 excusatius

249 3501 401 3550 coronas
415 3479 555 3573 patriae
572 3480 717 3552 illorum
735 3481 896 3554 virorum
913 3481 1053 3554 animas
1071 3483 1190 3554 luisse.
1294 3484 1436 3562 advos
1461 3482 1691 3573 decipiendos
1715 3481 1784 3578 ⁸⁸),
1817 3483 1913 3578 quod
1937 3493 2152 3552 mercaturae
2169 3493 2251 3544 caud

887 3577 890 3584 ’
1168 3577 1172 3586 ’
1294 3583 1537 3676 navigaverit,
1564 3597 1759 3680 etpropter
1781 3609 1861 3656 eam
1887 3583 1925 3653 in
1940 3578 2075 3656 Rhodo
2096 3596 2131 3654 ut
2151 3575 2234 3666 hopes

1295 3700 1539 3762 commoratus
1556 3689 1613 3763 sit.
1664 3688 1703 3762 ld
1721 3688 1948 3763 mendacium
1965 3685 2122 3782 primum
2139 3680 2191 3754 hoe
2203 3701 2234 3744 u·

1295 3805 1465 3886 gumento
1490 3793 1641 3865 refutari
1662 3805 1791 3886 potest.
1851 3791 2073 3864 Mercatores
2095 3789 2175 3860 enirn
2190 3801 2233 3850 ott

1295 3921 1339 3968 ex
1351 3898 1472 3967 littore
1486 3919 1552 3988 per
1568 3921 1716 3990 parvom
1734 3881 2132 3990 porum‘egrediumur
2148 3891 2183 3958 ad
2198 3905 2233 3952 nt
2253 3937 2254 4008 t

1295 4001 1367 4072 vim
1385 3999 1454 4097 ⁸⁰),
1478 4003 1539 4070 sed
1557 4002 1676 4092 palum
1694 4000 1731 4071 in
1754 4011 1864 4093 portu
1884 4012 1919 4068 et
1943 3999 1982 4068 in
2006 3999 2157 4070 omnium
2178 4009 2231 4060 col·

1294 4117 1438 4198 spectu,
1476 4116 1512 4174 et
1536 4104 1631 4175 inter
1660 4103 1860 4198 amicorum
1892 4103 2114 4196 complexus,
2148 4089 2232 4202 deiult

1292 4231 1368 4280 non
1386 4207 1573 4280 discedunt
1587 4233 1669 4281 cum
1686 4207 1886 4278 concubina
1902 4221 1938 4276 et
1952 4205 2106 4288 ancillis,
2128 4201 2177 4274 sed
2193 4191 2231 4263 sol

1293 4339 1374 4386 cnm
1390 4335 1506 4384 servo.
1564 4311 1704 4387 Deinde
1728 4311 1913 4409 quomodo
1936 4309 2231 4381 convenustare

1293 4430 1389 4489 totos
1409 4416 1569 4511 quinque
1593 4415 1707 4484 civem
1728 4414 1888 4484 Atticum
1911 4405 2075 4484 habitare
2101 4409 2135 4478 in
2152 4403 2230 4512 blut·

1288 4522 1361 4608 ric,
1388 4531 1423 4590 et
1438 4521 1629 4592 transferre
1650 4530 1818 4612 penates,
1846 4531 1882 4588 et
1898 4519 2066 4608 domum,
2091 4533 2181 4608 quam
2198 4497 2230 4614 ll

1291 4623 1435 4708 habuit,
1461 4620 1638 4706 vendere,
1663 4621 1734 4695 nisi
1750 4610 2037 4694 condemnaretis
2059 4641 2134 4689 eum
2150 4603 2229 4718 prod

1291 4731 1401 4802 tionis
1418 4727 1556 4820 patriae
1573 4740 1608 4796 et
1622 4726 1862 4801 maxirnorum
1883 4726 2075 4807 scelerum,
2098 4741 2165 4790 curn
2183 4729 2229 4804 ql>

231 3624 236 3635 ’
350 3635 495 3732 Vosque
510 3631 746 3710 Athenienses
761 3637 829 3711 soli
853 3638 949 3711 scitis
973 3637 1074 3712 iustis
1094 3635 1244 3713 honori-

246 3741 314 3810 bus
329 3739 446 3812 bonos
459 3739 558 3813 viros
573 3765 725 3826 ornare,
746 3758 897 3836 propter
912 3743 1052 3836 patriae
1068 3743 1243 3834 defensio-

244 3865 331 3914 nem
359 3841 610 3934 periclitantes.
667 3843 761 3916 Nam
786 3845 825 3916 in
850 3845 928 3918 aliis
950 3847 1152 3920 civitatibus
1174 3862 1255 3938 sta„-¹

243 4049 376 4124 ducum
400 4061 435 4120 et
460 4050 767 4146 tyrannicidarum
785 4053 843 4150 ³³).
901 4053 1008 4126 Tales
1032 4069 1151 4128 autem
1174 4054 1243 4125 viri

143 4231 154 4242 ,
245 4156 601 4252 pauci-inveniuntur
624 4158 661 4228 in
684 4169 759 4228 tota
776 4157 947 4246 Graecia,
981 4184 1062 4232 cum
1085 4155 1241 4230 athletae

247 4276 283 4332 et
307 4261 460 4346 similes,
500 4262 563 4357 qui
594 4263 631 4331 in
660 4264 868 4356 spectaculis
900 4264 1070 4349 vincunt,
1106 4263 1239 4358 passim

246 4365 349 4465 multi
364 4366 435 4436 sint
452 4378 488 4436 ct
501 4366 646 4436 suerint.
698 4366 749 4438 Ut
768 4363 877 4460 igitur
902 4367 1052 4440 ducibus
1074 4365 1241 4452 laudatis,

245 4481 418 4564 tanquam
441 4469 691 4552 benemeritis,
725 4465 882 4542 honores
906 4471 1083 4554 tribuitis,
1115 4472 1163 4542 ita
1187 4471 1240 4542 iu-

231 4574 340 4649 ,st'um
368 4585 420 4642 cst
447 4573 586 4664 patriae
620 4575 824 4666 proditores
858 4575 1024 4646 extremis
1057 4575 1240 4670 suppliciis

245 4673 338 4748 affici
355 4673 416 4772 ⁸¹).

345 4827 420 4902 Nee
451 4852 538 4901 vero
569 4832 754 4902 absolvere
777 4829 988 4903 Leocratem
1009 4835 1177 4932 potestis,
1194 4837 1237 4930 ,si

242 4934 373 5008 ustam
389 4933 602 5006 sententiam
618 4935 710 5006 serre
726 4935 931 5021 volueritis,
958 4939 1041 5031 quia
1064 4942 1109 5009 de
1131 4940 1238 5010 simili

1322 5003 1375 5063 su
1396 5003 1429 5058 n.
1456 5005 1475 5054 t.
1498 5003 1526 5054 a
1551 5000 1648 5054 turea
1672 4997 1759 5054 notat:
1781 5001 1849 5052 arou
1871 4997 2007 5064 magra:
2037 4971 2224 5057 aptarunt

1359 5075 1493 5138 exemplis
1511 5087 1559 5124 seu
1578 5073 1704 5123 tudtcetts
1720 5082 1754 5122 sc
1771 5070 1891 5121 decretls
1909 5067 2052 5132 pctorttns

245 5123 451 5146 -ι-ῄ

1096 5237 1102 5250 ,
1122 5239 1128 5254 ,
1322 5179 1372 5240 36)
1391 5179 1424 5230 n.
1443 5179 1461 5236 1,
1481 5177 1509 5230 ln
1527 5177 1623 5228 iisdem
1639 5175 1724 5230 nutu.
1743 5177 1809 5226 note
1825 5173 1959 5239 megin:
1984 5172 2017 5224 Δ.
2033 5163 2130 5219 ninom

200 5288 205 5298 ¹
275 5237 416 5360 affinp.
427 5235 1025 5370 tllppnellitliuisldlltlihllllillllde.wgln⁸=
1051 5239 1102 5300 om
1120 5243 1235 5349 wiell*
1302 5256 1371 5344 Ι37)
1391 5285 1422 5336 tt.
1441 5283 1461 5338 1.
1480 5282 1508 5332 tn
1526 5281 1622 5332 iisdem
1640 5278 1723 5332 nutu.
1743 5283 1809 5330 notu
1825 5277 1960 5344 margin:
1985 5266 2128 5326 Conclusio.

264 5404 328 5466 “su
346 5409 379 5458 n.
399 5409 417 5460 ι.
437 5409 465 5459 tn
490 5409 586 5460 tameo
607 5409 689 5462 sarrs.
709 5414 775 5460 nats
793 5409 926 5474 aarum
951 5411 1096 5464 cominus
1114 5419 1234 5472 sartio..
1320 5389 1370 5448 ²⁸)
1388 5389 1421 5442 Ι·
1442 5389 1461 5440 ¹·
1480 5388 1509 5437 ¹¹¹
1526 5386 1625 5439 lm
1643 5385 1728 5436 ffli-
1747 5385 1813 5439 ¹¹⁰³
1830 5381 1966 5448 mortu:
1991 5369 2163 5479 Wlfflin.

314 5475 354 5525 'lt
373 5477 440 5526 Cum
458 5477 499 5526 llll
517 5474 593 5542 dtgnl
611 5479 667 5530 stnt
686 5479 782 5545 laude,
800 5481 845 5528 btc
862 5481 949 5540 bound
967 5479 1112 5536 mulssim.
1257 5463 1262 5524 l
1320 5493 1370 5553 39)
1389 5493 1422 5548 fl·
1441 5493 1459 5542 1,
1479 5493 1506 5542 pn
1525 5490 1621 5542 {mm
1640 5489 1724 5543 mm·
1744 5489 1810 5540 ηοω
1836 5483 1969 5551 mpsim
1991 5475 2121 5532 mm
2134 5453 2221 5521 nediu
2251 5491 2252 5524 p
