4582 5798
18 215 108 292 1041
266 209 372 286 Xbll.
418 208 821 292 lllTEllPffltt'l'lO
843 211 1143 291 ffld‘l‘lONUbl
1169 213 1234 288 Ex
1258 209 1771 287 111111111111111811111101.
1868 297 1874 304 ,
1937 213 2038 304 tots

14 389 134 458 lacere.
185 384 374 472 Deeedite',
406 385 596 482 inquiunt,
621 386 815 469 Potidaea
842 389 996 482 Aegine-
1045 383 1196 458 Names
1216 400 1339 479 pentes
1363 387 1525 463 diversae
1546 398 1650 472 sunt,
1676 399 1711 460 et
1730 385 1901 485 suffragia
1915 411 2042 481 parem

15 491 56 561 tis
70 488 251 562 concedite
264 489 485 570 libertatemr
513 491 652 562 abolete
664 493 847 563 decretum
862 494 906 562 de
921 492 998 564 ble-
1042 487 1121 558 'vim
1136 485 1289 575 habent,
1311 504 1348 561 et
1363 491 1522 584 singulae
1544 515 1646 563 suam
1660 491 1851 566 utilitatem
1867 509 2041 593 spectant,

15 589 227 684 gerentibus.
276 591 382 665 Nune
405 593 579 686 postremi
601 593 711 684 legati
735 595 860 667 iubent
881 596 998 667 onsni.
1048 613 1213 686 quaeres
1231 617 1372 668 moram
1388 608 1424 666 et
1440 593 1696 690 impedimenta
1722 597 2041 676 deliberationibus

14 695 73 766 bns
87 693 233 766 Graecis
248 697 443 768 concedere
455 695 673 769 libertatem.
1048 693 1215 768 afferunt.
1256 694 1330 768 Alii
1345 699 1501 770 maxime
1512 700 1644 778 volunt¹
1652 701 1776 792 puniri
1789 703 1960 802 aliquem,
1976 708 2042 783 alii

108 798 183 871 Nec
197 820 286 868 vero
299 798 432 892 putetis
444 799 489 870 de
505 821 545 870 re
566 799 827 892 parrabellum
841 801 940 886 tore,
965 803 997 874 si
1048 811 1173 868 contra
1196 799 1346 878 minime
1365 802 1493 874 volunt
1511 828 1593 876 suas
1616 825 1674 874 res
1697 805 1858 896 absumi,
1884 825 1919 884 et
1938 819 2056 892 tarde*

14 903 185 973 decretum
213 903 259 972 de
281 900 551 996 Megarensibus
580 925 656 976 non
689 903 918 977 aboleveritis
934 905 998 1004 ¹¹),
1048 903 1301 974 convenientes
1334 905 1462 995 exiguo
1493 908 1611 999 spatio
1636 907 1681 976 de
1710 912 1861 1002 publicis
1885 923 2040 1012 negotiis

14 1005 105 1100 quod
132 1004 288 1076 maxime
316 1017 551 1098 praetexunt„
577 1029 653 1077 non
679 1008 757 1079 lore
780 1007 913 1079 bellum
936 1010 996 1080 de-
1048 1004 1268 1090 deliberaut,
1293 1009 1374 1099 plus
1390 1011 1562 1102 temporis
1577 1009 1773 1086 tribuentes
1790 1018 1939 1108 privatis
1954 1048 2056 1102 con·.

14 1119 103 1178 creto
117 1107 181 1179 illo
196 1107 359 1194 sublato,
384 1133 451 1180 nec
473 1107 513 1180 in
532 1109 635 1182 vobis
659 1109 801 1202 culpam
827 1135 903 1184 esse
924 1112 997 1183 exi·
1048 1107 1251 1193 1101010ἱὶ1,
1277 1121 1312 1180 et
1328 1109 1480 1206 quilibet
1501 1126 1605 1205 putat
1618 1140 1682 1186 sna
1700 1117 1806 1192 unius
1824 1123 2042 1218 negligentis

14 1209 175 1295 stimetis,
197 1209 228 1284 si
242 1211 288 1282 de
301 1233 342 1284 re
355 1233 470 1306 parra
485 1211 618 1282 bellum
638 1213 846 1307 suscipietis.
901 1213 996 1288 Nam
1047 1233 1123 1280 non
1145 1211 1314 1305 impediri
1337 1215 1473 1286 bonum
1495 1216 1699 1307 publicum,
1724 1233 1759 1290 et
1779 1221 1818 1294 id
1838 1227 1917 1298 aliis
1932 1253 2038 1304 curae

14 1309 128 1386 inhoc
143 1335 259 1408 parvo
273 1314 391 1408 posita
405 1326 459 1387 est
473 1317 699 1387 confirmatio
715 1317 919 1389 autoritatis
936 1344 997 1389 ve-
1046 1315 1124 1385 fore
1145 1339 1214 1408 pro
1237 1315 1329 1407 ipso.
1378 1316 1437 1388 Sic
1459 1343 1541 1390 cum
1560 1344 1684 1394 umnec
1698 1323 1877 1414 cogitant,
1900 1330 2052 1418 interca,

14 1429 119 1502 strae,
146 1429 184 1489 et
197 1416 420 1490 constantiae
433 1417 628 1511 specimen.
678 1419 717 1492 si
733 1419 831 1492 enirn
852 1421 996 1494 ceneri·
1047 1417 1185 1490 bonnm
1206 1418 1390 1511 publicum
1411 1421 1507 1512 perit
1525 1423 1688 1495 omnium
1711 1427 1837 1520 culpa,
1862 1456 1944 1504 cum
1960 1439 2042 1533 qui-

14 1519 52 1589 tis
71 1519 139 1616 ¹¹),
178 1521 278 1593 aliod
301 1521 419 1594 mains
441 1519 673 1616 imperabunt
696 1536 872 1619 tanquam
895 1535 997 1596 metu
1047 1522 1131 1592 dem
1146 1545 1183 1592 se
1199 1544 1343 1592 cansam
1359 1545 1433 1594 esse
1449 1547 1525 1596 non
1540 1525 1845 1606 anirnadvertunt.

14 1621 230 1710 cedentibus,
251 1624 470 1698 sedlertitcr
483 1638 688 1700 recusantes
703 1625 858 1700 vicissim
879 1640 997 1701 osten-
1149 1623 1349 1718 Praecipue
1373 1649 1460 1709 sero
1483 1627 1700 1722 impedietur
1713 1629 1839 1726 inopia
1856 1641 2043 1730 pecuniae,

14 1725 94 1799 detis
114 1725 188 1812 eis,
227 1739 269 1800 ut
284 1727 426 1824 aequali
448 1727 527 1800 iore
548 1729 736 1802 nobiccum
758 1743 889 1824 agant,
920 1755 997 1802 non
1049 1723 1145 1819 quia,
1168 1726 1255 1798 dum
1269 1728 1365 1798 lente
1382 1731 1583 1817 conferunt,
1604 1757 1731 1806 morae
1747 1733 1916 1816 incident.
1947 1743 2041 1818 Belli

14 1841 45 1900 nt
58 1830 200 1902 domini
213 1832 404 1925 imperent.
455 1829 709 1906 Delibernbitis
729 1832 857 1926 igitur,
887 1858 935 1906 an
951 1834 999 1907 sit
1049 1839 1170 1900 autem
1194 1829 1398 1904 occasiones
1417 1856 1494 1904 non
1512 1847 1699 1929 expectant
1714 1851 1873 1914 nostram
1890 1847 2041 1921 tardita-

14 1934 204 2006 cedendum
233 1948 333 2006 metu
362 1934 627 2030 periculorum,
672 1959 718 2006 an
742 1960 829 2011 vero
861 1937 998 2008 bellan·
1048 1942 1134 2004 tem.
1185 1931 1261 2006 Nee
1276 1947 1477 2010 metuamus
1491 1939 1729 2024 munitiones,
1752 1941 1785 2013 11
1799 1969 1889 2038 quas
1910 1947 1950 2020 in
1972 1975 2039 2024 no·

14 2037 112 2122 lum,
136 2051 181 2110 ut
194 2034 286 2109 mibi
300 2038 447 2135 quidem
460 2037 621 2125 videtur,
645 2063 713 2110 nec
727 2037 926 2112 cedendum
941 2039 998 2112 vel
1049 2045 1124 2106 1111
1138 2045 1234 2106 lem
1249 2049 1412 2110 01110010
1425 2039 1569 2125 volent,
1595 2066 1712 2139 neque
1727 2044 1875 2118 classem
1898 2073 2039 2128 corum.

14 2139 96 2212 inre
109 2163 244 2234 magna
257 2141 315 2212 vel
328 2141 368 2214 in
383 2139 531 2234 exigna,
553 2154 597 2215 ut
617 2142 694 2215 sine
708 2155 809 2215 rnetu
828 2143 997 2237 deinceps
1048 2136 1144 2209 Nam
1167 2137 1276 2213 etiem
1297 2139 1335 2210 in
1357 2156 1485 2234 pacato
1507 2144 1649 2217 difficile
1671 2157 1763 2221 essct
1779 2149 1861 2220 urbi
1877 2158 2040 2230 aemulae

14 2265 59 2315 pes
75 2256 222 2317 noma}
240 2257 363 2316 tenere
380 2244 571 2340 pouimm,
622 2245 717 2318 Nam
733 2245 905 2319 'simfliter
924 2270 997 2320 301.
1049 2237 1194 2334 imperii
1216 2255 1379 2316 filimere
1398 2247 1642 2333 munitiones,
1667 2252 1782 2324 mullo
1804 2253 1982 2332 difficillus
2005 2260 2045 2334 id

14 2345 98 2420 situs
119 2359 195 2432 est,
219 2346 251 2420 si
271 2347 360 2420 socii
384 2349 552 2444 aequales
576 2361 660 2422 ante
688 2347 861 2422 iudicium
884 2350 998 2444 impc-
1049 2342 1181 2413 0111ῑο
1207 2339 1452 2432 Ῑ100111ῖ1010,
1477 2351 2044 2442 Ρ10010111101ἰ11010001111ἰ11

14 2463 102 2534 rent,
128 2474 194 2522 seu
207 2451 366 2522 maxima
380 2474 444 2523 sen
458 2451 624 2524 minima.
1049 2445 1270 2520 munitiones
1293 2450 1564 2526 extruxerimus.
1629 2452 1793 2555 Cumque
1824 2462 2046 2552 praesidium

106 2551 219 2648 Quod
242 2565 331 2626 vero
351 2555 399 2624 ad
420 2551 555 2626 bellum
576 2567 613 2626 et
637 2555 683 2626 ad
707 2553 801 2630 vim
826 2554 999 2652 utrinque
1050 2549 1183 2622 alicubi
1205 2553 1375 2626 adversus
1398 2578 1466 2626 nos
1489 2556 1738 2645 collocabunt,
1779 2563 1962 2648 nocebunt
1988 2568 2044 2640 iffi

14 2653 151 2741 tttinet,
176 2667 219 2726 ut
234 2655 354 2731 sciatis
369 2680 438 2730 nos
460 2681 537 2727 non
549 2657 801 2732 imbecilliores
819 2661 916 2746 lore,
941 2685 1000 2732 ex·
1051 2652 1216 2747 0010010,
1243 2655 1329 2750 quis
1351 2657 1620 2733 excursionibus
1642 2663 1835 2739 vastabunt
1855 2689 1976 2758 agros,
2006 2685 2044 2744 et

14 2781 140 2852 ponam
164 2759 305 2852 ,imula
317 2813 329 2846 ‚
354 2782 447 2856 quae
470 2761 729 2834 comiderauda
748 2775 844 2835 sunt,
893 2763 1000 2834 [³010.
1050 2755 1226 2848 recipient
1247 2761 1466 2854 transfugam
1500 2765 1659 2836 sednon
1680 2777 1852 2859 poterunt
1877 2769 1985 2846 simul
2006 2788 2044 2846 et

14 2862 174 2954 pennesii
192 2863 319 2934 labore
339 2885 515 2935 mannum
541 2877 722 2959 quaerunt
744 2865 899 2950 victum,
932 2890 1000 2936 nec
1051 2859 1216 2932 obsidere
1232 2883 1299 2932 nos
1314 2875 1350 2934 et
1363 2857 1557 2957 prohibere
1579 2880 1722 2940 nostras
1735 2871 1984 2963 navigationes
2004 2877 2045 2950 in

15 2965 178 3036 >rivatim
207 2989 275 3038 nec
301 2965 445 3061 publice
475 2967 629 3038 multum
658 2967 792 3039 debent
814 2967 1000 3063 pecuniae.
1051 2963 1392 3055 101010101111010,
1425 2966 1487 3037 ubi
1509 2993 1571 3042 eos
1590 2971 1700 3046 classe
1723 2973 1941 3048 vexabimus.
1991 2979 2045 3052 Ac

15 3065 145 3140 deinde
169 3091 245 3138 non
268 3081 353 3142 sunt
374 3069 498 3140 idonei
512 3071 560 3142 ad
575 3070 667 3142 bella
686 3069 857 3142 diuturna
873 3084 911 3144 et
924 3097 1000 3144 ma·
1051 3089 1119 3138 nos
1140 3065 1285 3160 quidem
1306 3069 1387 3162 plus
1415 3064 1588 3144 habemus
1611 3073 1809 3149 industriae
1835 3077 1882 3148 ad
1905 3082 2046 3173 proelia

15 3169 148 3255 itima,
183 3170 267 3264 qnia
291 3170 458 3266 exiguum
480 3185 631 3266 propter
650 3171 814 3268 inopiam
836 3174 899 3246 alii
919 3188 1002 3269 post
1051 3168 1225 3256 interra,
1252 3195 1295 3241 ex
1317 3196 1385 3244 usu
1406 3172 1459 3243 rei
1480 3175 1661 3262 nauticae,
1686 3201 1795 3274 quam
1818 3179 1888 3274 ipsi
1909 3177 2043 3258 habere

15 3273 93 3348 cios
110 3272 316 3346 conterunt.
366 3273 477 3348 Tales
491 3271 574 3347 curu
595 3273 689 3362 sint,
713 3301 781 3350 nee
803 3301 914 3352 naves
933 3279 1002 3350 im·
1052 3283 1203 3366 possunt
1224 3274 1270 3342 ad
1291 3297 1367 3345 rem
1387 3276 1575 3362 navalem,
1600 3303 1643 3350 ex
1666 3305 1734 3352 usu
1760 3281 1912 3356 militiae
1932 3299 2045 3362 terre-

15 3378 100 3448 ›lere
138 3374 333 3462 militibus,
371 3401 439 3449 nec
471 3401 577 3471 saepe
613 3379 787 3452 exercitus
818 3385 1000 3475 pedestres
1052 3375 1147 3448 stris.
1199 3374 1273 3448 Nec
1298 3376 1402 3448 focile
1421 3392 1528 3450 erunt
1547 3379 1656 3474 periti
1675 3383 1729 3454 rei
1750 3385 1899 3460 navalis.
1950 3391 2046 3464 Nam
2128 3388 2134 3412 ‘¹

15 3481 171 3552 emittere
205 3493 377 3572 possunt,
410 3481 517 3576 quia,
550 3505 633 3552 enm
658 3484 722 3554 diu
748 3507 769 3553 a
795 3485 869 3559 suis
894 3487 1001 3560 rebus
1052 3504 1120 3552 uec
1135 3503 1223 3564 vos,
1246 3504 1470 3576 quamquam
1494 3483 1579 3554 inde
1601 3508 1622 3554 a
1645 3484 1741 3555 bello
1764 3487 1910 3561 Persico
1935 3493 2045 3570 clame

15 3585 127 3656 besse
144 3595 340 3675 cogantur,
366 3595 529 3676 sumptus
543 3584 595 3656 eis
607 3587 749 3658 desunt
799 3587 900 3660 Bella
914 3612 1001 3658 vero
1052 3583 1208 3666 utimur,
1242 3595 1278 3652 01
1311 3606 1378 3654 1101
1417 3607 1641 3668 exercemus,
1678 3587 1765 3660 01111
1795 3589 1918 3660 idonei
1950 3599 2045 3670 estis.

15 3687 121 3778 uagis
138 3687 362 3757 sustinentur
377 3683 560 3779 praesenti
582 3687 707 3779 copia,
733 3712 847 3782 qnam
863 3690 1001 3760 violen-
1047 3683 1202 3777 'Quanto
1219 3683 1338 3756 minus
1351 3685 1540 3778 proficient
1555 3687 1623 3758 viri
1649 3701 1782 3762 terram
1807 3691 1983 3782 colentes,
2010 3713 2047 3772 'et

15 3788 47 3860 is
71 3787 342 3860 collationibus.
391 3789 445 3859 Ac
468 3788 625 3882 operarii
646 3785 812 3864 homines
833 3790 1002 3866 libentius
1052 3785 1117 3882 qui
1128 3785 1371 3878 impedientur
1384 3788 1517 3861 nostris
1533 3790 1817 3881 excursionibus,
1841 3820 1915 3893 qno
1928 3801 2049 3878 minus

16 3891 164 3962 uilitant
185 3889 418 3984 corporibus,
452 3915 563 3985 quam
586 3891 776 3986 pecuniam
801 3896 1003 3980 conterunt,
1053 3914 1091 3960 se
1115 3903 1313 3961 exerceant.
1376 3889 1606 3987 Quamquam
1635 3894 1732 3968 enim
1762 3899 1936 3974 auderent
1963 3929 2049 3977 con-

16 3995 87 4090 puia
111 4007 264 4087 sperant
289 4017 443 4088 corpora
467 4017 509 4065 ex
537 3995 704 4089 periculis
733 4021 883 4092 evasura
915 4023 1002 4084 esse,
1052 3991 1175 4084 digere
1197 4015 1277 4064 cnm
1300 3995 1423 4087 paucis
1444 3995 1597 4070 navibus
1614 3997 1696 4100 freti
1711 4001 1967 4091 multitudine,
1994 4021 2048 4078 ta·

16 4098 180 4170 lemnias
210 4119 297 4171 vero
327 4095 437 4168 etiam
461 4109 543 4169 ante
565 4098 651 4170 belli
676 4099 784 4180 finem
808 4103 927 4196 perire
950 4102 1002 4172 qi.
1055 4119 1136 4164 men
1161 4119 1241 4166 cum
1264 4097 1387 4170 11111Ῑῖ18
1413 4111 1448 4168 ei
1471 4100 1621 4173 divertis
1645 4103 1732 4176 locis
1758 4105 1949 4200 confligere
1970 4134 2048 4184 11011

16 4201 109 4287 lent,
137 4199 353 4294 praesertim
367 4201 398 4272 si
411 4201 544 4272 bellum
559 4201 601 4271 tit
616 4202 840 4277 diuturnum.
1055 4210 1244 4292 poterunt,
1271 4198 1405 4271 interea
1423 4202 1508 4296 qnia
1524 4228 1600 4276 non
1615 4221 1835 4296 exercentur,
1854 4234 1930 4281 non
1942 4231 2049 4288 erunt

105 4303 189 4375 Etsi
212 4315 332 4374 antem
353 4302 610 4398 Peloponnesii
636 4317 672 4376 et
695 4329 820 4377 corum
846 4307 934 4381 socii
957 4308 1002 4377 ad
1054 4299 1197 4386 idonei,
1224 4324 1376 4400 eamque
1392 4304 1438 4374 ob
1454 4329 1596 4378 cansam
1614 4309 1814 4385 timidiores
1828 4327 1944 4388 erum.
1978 4317 2049 4393 Ars

16 4406 255 4478 limicandum
277 4406 323 4476 de
343 4429 484 4478 summa
506 4406 561 4478 rei
582 4407 621 4476 in
645 4433 720 4480 uuo
742 4408 882 4501 proelio
897 4435 1003 4505 pares
1054 4417 1107 4478 est
1132 4403 1229 4475 enim
1253 4429 1310 4479 res
1331 4406 1496 4494 nautica,
1519 4411 1551 4482 si
1574 4413 1662 4508 qnid
1680 4414 1795 4500 aliud,
1818 4439 1885 4486 nec
1901 4419 2050 4495 discitur

16 4523 86 4582 unt
110 4511 266 4598 caeteris
286 4507 452 4595 Graecis,
495 4523 616 4582 tamen
635 4511 847 4586 diuturnum
869 4513 1002 4587 bellum
1054 4507 1183 4580 obiter.
1223 4507 1292 4580 Sed
1309 4508 1359 4580 ita
1374 4514 1568 4584 exercenda
1587 4527 1658 4600 est,
1679 4529 1719 4588 ut
1736 4540 1814 4588 eam
1831 4520 1944 4594 solam
1962 4549 2047 4598 cura

16 4637 127 4700 gerere
150 4611 264 4684 simili
289 4627 467 4706 apparatu
488 4636 563 4684 non
586 4627 754 4706 possum,
788 4614 895 4712 quia,
920 4641 1001 4688 curn
1055 4611 1283 4698 intendatur,
1309 4637 1374 4686 uec
1390 4615 1507 4688 obiter
1521 4616 1591 4688 alia
1608 4617 1716 4690 simul
1730 4633 1895 4712 agantur.
2140 4704 2145 4713 .

16 4739 77 4786 ron
91 4716 142 4788 sit
156 4737 232 4808 una
248 4717 451 4795 communis
465 4741 590 4790 eorum
606 4718 837 4804 deliberatio,
854 4721 926 4800 ,sed
947 4743 1005 4792 res
1157 4713 1222 4785 Sin
1243 4729 1363 4789 autem
1386 4732 1508 4793 amota
1530 4720 1682 4814 pecunia
1704 4723 1829 4818 templi
1844 4724 2050 4825 Olympiaci

17 4820 49 4889 td
92 4819 259 4890 diversas
294 4818 454 4892 civitates
488 4820 597 4912 longo
633 4821 761 4895 ordine
795 4823 1004 4894 referendae
1056 4830 1118 4889 ant
1140 4814 1326 4910 Delphici,
1358 4823 1569 4916 peregrinos
1591 4835 1720 4898 nautas
1742 4851 1762 4898 a
1784 4827 1890 4904 nobis
1914 4835 2049 4906 condu-

19 4921 92 5008 int,
119 4943 201 4994 non
223 4933 342 5013 potest
361 4922 480 4994 subito
504 4922 645 5015 pertici,
678 4926 774 5020 quod
801 4949 892 5019 opus
915 4938 1004 4998 erat.
1055 4931 1131 4992 ctos
1154 4920 1200 4990 ad
1224 4947 1261 4992 se
1287 4923 1418 4994 maiori
1434 4927 1598 5000 mercede
1612 4925 1790 5018 allicient,
1818 4932 1856 5004 id
1870 4959 1957 5009 sane
1974 4939 2048 5008 lor·

1055 5022 1225 5094 midabile
1242 5040 1355 5112 esset,
1379 5028 1410 5098 si
1425 5052 1501 5099 uon
1515 5054 1672 5103 essemus
1685 5057 1791 5127 pares
1811 5035 1890 5130 ipso
1914 5039 2049 5110 civium

33 5175 86 5235 2¹)
104 5183 165 5224 n„
184 5167 702 5229 „010m1mfflmffim
730 5171 952 5240 mmmm„
970 5191 1003 5216 ²
1054 5151 1220 5197 numero.
1272 5127 1454 5204 Habemus
1473 5145 1591 5204 antem
1612 5133 1706 5208 cives
1724 5136 1874 5211 idoneos
1891 5142 1938 5211 ad
1960 5143 2050 5216 clas·

69 5234 467 5363 3:013„me
489 5240 518 5292 ιι
540 5239 822 5306 occurerrunt
839 5256 897 5296 sc·
914 5241 1004 5296 mu-
1055 5252 1151 5315 sem‚
1182 5243 1218 5300 et
1239 5235 1338 5326 qnod
1360 5233 1473 5328 magis
1498 5247 1569 5320 est,
1601 5237 1861 5328 gubernatores
1884 5256 1921 5330 et
1943 5245 2050 5316 mini·

33 5399 84 5458 n)
112 5391 277 5456 ουσιαι-1111]
311 5392 353 5446 sle
377 5393 428 5448 nt.
451 5394 528 5450 tw.
562 5395 591 5450 tu
620 5395 794 5462 corrigendts
818 5413 853 5445 =
880 5377 1002 5463 cureyo
1055 5345 1149 5404 mos
1171 5333 1310 5456 qum‘
1346 5361 1455 5432 quam
1477 5338 1617 5458 {¹⁰¹ti
1641 5351 1718 5411 ἴση
1742 5339 1907 5424 Graecia·
1976 5345 2051 5423 Nec

69 5457 285 5535 sergestum
303 5463 332 5516 u
353 5462 415 5527 ιμι
432 5463 561 5517 ansteo·
578 5469 596 5520 ι.
610 5467 636 5521 s.
655 5467 776 5533 intur:
793 5467 954 5522 ωικιιιιι.
1057 5457 1238 5526 peregrum
1253 5439 1298 5509 ad
1312 5463 1375 5512 vos
1390 5441 1554 5512 detinent
1568 5464 1709 5512 mtnore
1722 5467 1803 5516 curn
1814 5470 1889 5540 spe.
1917 5447 2053 5546 Quam.

17 5551 196 5618 urnam.
218 5549 326 5614 oren
348 5548 433 5614 Vos.
457 5547 562 5615 xvu.
1462 5643 1468 5654 q
1490 5543 1541 5615 66
