4560 5792
30 228 99 311 726
161 223 298 304 xxm
324 233 362 304 2.
407 222 809 312 lN'l'llRPllE‘l'h'l'lo
831 223 1094 303 ORdTlONlS
1113 223 1458 303 OLYN'l'llthAE
1478 225 1523 304 II.
1543 227 1898 310 nnuost'ttnuls
1970 228 2048 316 726

25 401 143 498 lloe²⁴)
159 400 253 472 enim
271 397 423 472 omnino
435 395 506 470 Dei
518 399 692 471 beneficio
707 399 874 473 accidisse
890 421 1001 494 appa·
1153 397 1232 493 Ego
1262 425 1408 498 quoque
1438 401 1533 475 cives
1558 402 1636 499 ipse
1657 403 1764 476 valde
1787 407 1983 481 arbitrarer
1996 409 2047 510 w)

23 519 89 590 ret,
117 516 157 575 ut
174 499 344 597 Philippo
362 503 497 574 bellum
522 502 632 573 vicini
652 503 829 589 inierant,
866 502 1000 599 quique
1052 525 1135 572 eum
1149 503 1419 576 formidandum
1435 529 1527 591 esse,
1552 507 1583 578 si
1596 507 1755 579 viderem
1771 533 1854 581 eum
1866 511 1973 584 bonis
1989 535 2048 585 ar-

23 609 105 678 vires
127 629 202 676 non
223 607 503 678 contemnendas
525 601 676 688 habent;
715 605 872 701 denique
902 606 1001 700 quod
1051 604 1147 677 tibus
1162 605 1305 698 11ζὲ11111
1322 621 1487 701 agentem
1502 611 1664 682 crevisse.
1717 611 1808 685 Cum
1822 625 1942 686 autem
1958 611 2050 690 haec

21 709 241 806 praecipuum
258 721 329 794 est,
354 721 397 780 ut
409 731 542 800 magno
559 731 735 780 consensu
756 708 855 801 pacis
877 707 1000 778 condi·
1051 707 1194 800 negotia
1217 705 1368 802 propius
1391 711 1600 798 considero,
1630 712 1777 786 invenio
1801 738 1884 788 eum
1906 721 2049 814 egregie

19 813 121 884 tiones
142 811 301 906 primum
322 810 450 883 infidas
472 834 568 895 esse,
608 811 738 882 deinde
760 811 868 896 tales,
905 834 999 906 quae
1051 809 1263 905 imposuisse
1277 811 1395 897 nobis,
1418 809 1511 884 nihil
1523 815 1837 909 prospicientibus,
1861 833 1947 893 tunc
1963 847 2047 895 com

18 927 188 1009 receptae,
223 913 371 985 exitium
394 913 613 1007 reipublicae
639 939 727 986 suae
750 914 926 985 allaturae
946 937 1000 986 es-
1053 914 1222 985 nonnulli
1255 913 1503 988 dissuaderent
1533 915 1791 1012 Olynthiorum
1825 924 2047 1012 societatem,

17 1031 103 1102 seut,
135 1028 307 1091 1131111111.
373 1014 449 1088 lam
472 1015 583 1108 igitur
602 1016 708 1090 nobie
733 1016 999 1110 providendum
1049 1029 1264 1109 propterea,
1297 1016 1383 1113 quia
1406 1013 1597 1113 Philippus
1623 1022 1853 1114 polliceretur
1879 1051 1916 1098 se
1939 1030 2046 1102 nohis

18 1120 95 1205 erit,
117 1143 165 1190 ne
185 1118 365 1192 occasioni
386 1119 562 1204 desimus,
595 1143 686 1191 neve
707 1119 809 1213 peius
830 1121 875 1191 de
894 1116 1000 1190 nohis
1048 1114 1288 1214 Amphipolin
1308 1120 1534 1192 redditurum
1559 1147 1654 1208 esse,
1694 1138 1730 1196 et
1750 1149 1921 1200 arcanum
1942 1130 2047 1218 illud,
2188 1195 2194 1207 ,

16 1222 76 1316 ipsi
89 1245 311 1308 mereamur,
337 1247 447 1317 quam
459 1224 607 1293 11111111
622 1235 793 1295 merctur.
848 1220 1000 1314 Turpis-
1050 1223 1149 1316 quod
1165 1222 1367 1308 serebatur,
1392 1224 1438 1294 de
1446 1223 1620 1296 Potidaea
1634 1227 1854 1300 restituenda
1868 1234 2047 1325 perlectu-

17 1327 134 1398 simum
148 1325 247 1395 enim
271 1338 344 1411 est,
377 1349 455 1396 nou
476 1324 595 1396 solum
618 1324 751 1419 oppida
773 1337 882 1420 atque
905 1325 999 1410 loca,
1048 1345 1152 1409 rum,
1192 1325 1225 1396 si
1249 1349 1325 1396 nou
1347 1327 1619 1400 defenderemus
1639 1327 1845 1424 Olynthios.
1904 1334 2046 1408 Deinde

18 1451 98 1522 quae
114 1427 314 1513 tenuimus,
338 1428 536 1522 proiicere,
569 1429 633 1499 sed
655 1427 764 1499 etiarn
789 1426 921 1498 auxilia
945 1438 998 1496 at·
1048 1422 1242 1520 Olynthios
1258 1428 1327 1500 sibi
1340 1429 1539 1500 adiunxita
1555 1431 1723 1504 societate
1742 1447 1868 1506 nostra
1888 1461 2047 1526 aversos,

18 1555 77 1624 que
99 1531 303 1604 occasiones
327 1531 512 1603 alortuna
537 1529 689 1602 oblatas.
751 1530 879 1624 Neque
908 1550 996 1599 vero
1048 1552 1131 1600 cum
1157 1529 1369 1603 Potidaeam
1395 1533 1501 1604 nobis
1532 1547 1694 1627 ereptam
1728 1534 1799 1608 illis
1827 1537 1944 1625 dedit,
1977 1563 2046 1613 nee

17 1633 170 1724 prodesse
184 1629 280 1704 mihi
291 1631 436 1705 uidetur
448 1634 511 1704 illa
535 1633 853 1718 commemoratio,
886 1655 996 1726 quam
1048 1632 1183 1704 veritus
1197 1645 1250 1706 est
1266 1658 1351 1719 nos,
1375 1659 1457 1706 cum
1472 1635 1584 1728 ipsius
1601 1637 1688 1708 socii
1705 1663 1881 1727 essemus,
1910 1641 2047 1715 iniuria

17 1733 77 1805 sint
88 1735 232 1828 exiguae
245 1733 408 1829 Philippi
424 1737 539 1823 vires,
573 1738 706 1808 advos
730 1735 937 1807 excitandos
960 1747 997 1804 et
1048 1735 1200 1809 afficere.
1252 1733 1444 1812 Thessalos
1459 1751 1579 1810 autem
1595 1763 1693 1812 nunc
1707 1755 1890 1836 postremo
1907 1745 2046 1834 fefellit,

18 1831 261 1912 adhortandos.
315 1837 411 1913 Nam
433 1851 510 1911 tota
529 1839 590 1910 illa
615 1838 733 1910 oratio
756 1837 816 1911 isti
840 1836 994 1932 gloriosa
1048 1861 1130 1908 cum
1152 1837 1334 1932 pollicitus
1359 1853 1429 1926 est,
1463 1865 1500 1912 se
1521 1842 1572 1914 eis
1584 1841 1809 1936 Magnesiam
1825 1845 2045 1919 traditurum

16 1952 77 2025 est,
114 1941 218 2012 vobis
250 1941 429 2015 dedecori.
494 1941 579 2038 Quo
602 1941 698 2013 enim
725 1939 865 2011 maiora
889 1939 997 2033 gessit
1047 1964 1144 2026 esse,
1185 1953 1221 2012 et
1247 1941 1409 2034 ipsorum
1431 1947 1538 2016 causa
1559 1941 1745 2019 Phocense
1766 1948 1900 2019 bellum
1924 1963 2046 2022 motu-

16 2046 109 2136 quam
128 2067 196 2137 pro
222 2043 297 2116 suis
320 2044 477 2130 viribus,
515 2068 559 2115 eo
590 2043 857 2115 formidabilior
877 2042 997 2116 existi·
1046 2067 1142 2116 rum.
1193 2043 1360 2140 Denique
1375 2069 1482 2117 nemo
1503 2057 1557 2118 est
1572 2049 1756 2134 omnium,
1783 2051 1995 2146 quibuscum
2010 2051 2046 2124 ei

16 2146 167 2220 mabitur.
216 2145 331 2218 Vobis
353 2161 473 2218 autem
495 2147 777 2241 ignominiosum
802 2158 873 2230 est,
903 2142 996 2216 nihil
1046 2145 1231 2240 negotium
1247 2147 1336 2233 fuit,
1361 2149 1425 2244 qui
1438 2149 1574 2221 nonsit
1588 2152 1634 2222 eb
1651 2175 1695 2223 eo
1710 2153 1890 2247 deceptus.

18 2249 142 2338 gesisse
157 2249 311 2344 dignum
326 2249 393 2322 ista
409 2263 527 2322 vestra
543 2251 718 2345 potentia.
768 2248 892 2345 Quare
906 2245 996 2320 haec
1147 2245 1202 2318 lta
1225 2249 1338 2320 crevit
1351 2273 1418 2343 per
1441 2251 1597 2322 aliorum
1618 2253 1796 2326 incuriam
1822 2268 1932 2353 atquc
1955 2258 2046 2330 osci·

19 2351 175 2426 omittam.
243 2352 476 2449 Quamquam
504 2353 535 2424 si
567 2353 648 2450 quis
668 2366 786 2424 toturn
808 2351 994 2445 negotium
1047 2351 1219 2436 tantiam,
1252 2375 1334 2422 cum
1362 2376 1439 2424 non
1466 2367 1615 2426 nossent
1643 2379 1739 2430 eum.
1807 2357 1907 2431 Sicut
1934 2359 2045 2453 igitur

17 2467 94 2524 recte
123 2455 386 2542 considerabit,
430 2469 547 2528 vestra
578 2457 723 2550 ignavia
751 2451 996 2549 deprehendet
1045 2450 1135 2525 haec
1158 2454 1216 2526 via
1241 2455 1382 2548 peperit
1401 2457 1622 2552 potentiam,
1661 2483 1744 2532 cum
1776 2459 1908 2552 singuli
1935 2463 2045 2536 bene·

17 2557 148 2630 crevisse
169 2555 403 2653 Philippum,
435 2584 513 2631 non
532 2559 606 2634 suis
626 2558 776 2631 viribusc
834 2557 919 2632 Non
942 2570 995 2630 est
1045 2556 1166 2629 licium
1186 2557 1335 2652 aliquod
1354 2559 1430 2632 eius
1445 2572 1694 2656 expectarent,
1726 2561 1778 2633 ita
1798 2587 1922 2636 rursus
1943 2589 2045 2637 ever·

17 2671 117 2730 antem
136 2657 248 2734 huius
263 2662 335 2734 loci
349 2662 484 2748 dicere,
511 2664 641 2760 quibus
653 2661 900 2755 proditoribus
914 2685 995 2754 gra-
1046 2673 1125 2732 tent
1144 2685 1227 2732 eum
1250 2659 1304 2730 illi
1325 2662 1412 2755 ipsi,
1448 2674 1641 2758 postquam
1663 2665 1986 2738 animadverterint
2005 2691 2044 2740 se

17 2761 90 2832 tiam
108 2765 256 2851 debeat,
289 2765 354 2864 qui
373 2789 417 2838 ex
436 2766 532 2838 illius
555 2765 710 2840 utilitate
734 2765 857 2836 omnia
878 2763 917 2833 iu
937 2787 995 2834 re·
1047 2763 1152 2834 abeo
1169 2765 1312 2836 delusos
1328 2787 1414 2839 esse.
1465 2763 1508 2837 ld
1523 2777 1665 2860 tempus
1684 2791 1782 2840 nunc
1796 2767 1919 2843 instat.
1968 2770 2044 2842 Aut

16 2865 139 2956 publica
159 2879 288 2941 nostra
311 2881 515 2962 gesseruut,
549 2870 594 2940 de
617 2868 747 2964 quibus
770 2891 835 2937 vos
857 2865 995 2959 suppli·
1044 2867 1199 2958 prodeat
1221 2865 1371 2962 aliquis,
1402 2880 1439 2939 et
1461 2863 1571 2952 mihi,
1602 2869 1715 2942 immo
1740 2870 1843 2944 vobis
1864 2873 2044 2959 ostendat,

16 2965 93 3038 cium
108 2996 252 3044 sumere
268 2973 515 3044 conveniebat.
564 2969 629 3041 1113
645 2995 732 3042 vcro
749 2969 900 3042 dicenda
919 2991 994 3040 esse
1045 2965 1156 3054 haec,
1183 2992 1276 3064 quae
1292 2967 1388 3055 dixi,
1412 2970 1500 3042 falsa
1515 2992 1611 3056 esse,
1642 2986 1706 3045 aut
1727 2974 1828 3068 quod
1851 2973 1957 3044 initio
1981 2975 2045 3045 de·

18 3069 103 3158 duri,
128 3099 223 3170 quae
247 3087 392 3168 praeter
412 3087 552 3146 caetera
577 3073 703 3146 audire
724 3073 828 3145 vobis
848 3071 994 3143 utilissi-
1045 3072 1159 3164 cepti,
1184 3083 1309 3166 postea
1331 3072 1366 3144 ei
1387 3073 1494 3143 iidem
1517 3067 1696 3160 habeant,
1729 3087 1794 3146 aut
1812 3078 1912 3171 quod
1928 3072 2044 3150 Thes·
2120 3107 2124 3115 ¹

14 3190 176 3262 11111111,
201 3178 286 3249 1111
305 3178 384 3273 quis
400 3191 496 3249 recte
512 3177 694 3261 aestimet,
717 3175 904 3247 continent
918 3195 995 3243 ma·
1045 3171 1113 3245 sali
1126 3174 1373 3268 indignissima
1389 3175 1560 3248 servitute
1580 3176 1764 3270 oppressi,
1795 3201 1871 3250 non
1895 3179 2044 3275 cupiant

14 3273 92 3346 rima
109 3279 210 3352 istius
226 3283 374 3374 probra.
425 3281 464 3352 Si
486 3282 567 3375 quis
591 3279 702 3373 igitur
714 3279 763 3376 '¹')
784 3290 889 3350 vocet
910 3299 993 3349 eum
1045 3301 1083 3349 se
1098 3277 1274 3349 rursusin
1287 3277 1491 3350 libertatem
1505 3278 1702 3352 vindicare.

13 3381 171 3468 perfidum
189 3407 235 3454 ac
249 3384 455 3476 periurum,
479 3385 557 3454 sine
573 3383 917 3454 commemoratione
937 3403 995 3450 re-
1147 3379 1201 3450 Ac
1217 3380 1250 3452 si
1264 3381 1347 3478 quis
1368 3377 1459 3454 haec
1480 3381 1532 3454 ita
1554 3405 1593 3452 se
1613 3377 1748 3454 habere
1771 3383 1957 3478 iutelligit,
1983 3407 2045 3458 ve·

13 3501 81 3552 rum
94 3485 203 3578 ipsius
221 3499 423 3579 gestarum,
449 3487 528 3558 iure
543 3487 659 3557 videri
674 3486 788 3580 possit
806 3483 931 3556 inania
954 3482 994 3552 in
1045 3505 1128 3554 rum
1151 3483 1350 3557 arbitratur
1373 3507 1457 3554 euru
1484 3485 1522 3554 vi
1548 3509 1654 3576 posse
1683 3483 1928 3580 principatum
1957 3487 2044 3560 reti·

14 3605 82 3654 eum
110 3589 274 3659 convicia
301 3589 431 3662 dicere.
499 3589 659 3674 Verum,
697 3589 728 3660 si
758 3588 839 3684 quis
868 3609 994 3658 omnes
1045 3609 1153 3670 nere,
1178 3588 1277 3682 qnod
1292 3586 1471 3678 praesidia
1487 3611 1529 3656 ac
1545 3599 1674 3678 portus
1694 3602 1886 3680 occupatos
1909 3600 2044 3677 teneat,

14 3683 113 3778 ipsius·
122 3715 179 3762 res
194 3703 313 3786 gestas
327 3705 530 3778 recenseat,
556 3692 607 3762 ibi
623 3687 844 3784 deprehendi
859 3689 995 3783 poterit
1045 3712 1122 3758 non
1143 3700 1240 3758 reete
1261 3688 1406 3759 iudicat.
1471 3686 1576 3760 Tunc
1598 3689 1694 3760 euim
1718 3687 1807 3760 socii
1828 3714 1977 3761 manere
2001 3692 2042 3762 in

13 3800 43 3857 et
55 3793 149 3864 iacile
165 3794 328 3881 ostendi,
354 3795 470 3892 qualis
484 3795 541 3868 sit.
592 3793 646 3865 Ac
662 3794 799 3890 duplici
817 3794 862 3863 de
886 3813 992 3862 causa
1045 3790 1134 3876 lide,
1159 3789 1297 3882 pariter
1313 3789 1414 3862 adire
1428 3788 1639 3874 discrimen,
1666 3803 1702 3862 et
1717 3793 1876 3884 perferre
1890 3793 2042 3865 difficul-

13 3899 234 3970 recensendas
250 3921 323 3969 esse
339 3911 477 3972 statuo:
509 3897 687 3990 primum,
712 3911 754 3967 ut
775 3895 895 3988 palam
918 3892 994 3977 liat,
1046 3905 1136 3964 tates
1150 3893 1287 3976 solent,
1312 3915 1394 3963 cum
1409 3905 1534 3964 mutua
1551 3915 1613 3964 eos
1626 3894 1876 3968 benevolentia
1891 3897 2042 3969 coniun-

12 3989 44 4062 id
72 4003 166 4092 quod
194 4025 254 4072 res
283 4011 355 4086 est,
395 4001 600 4096 improbum
632 4023 675 4068 ac
700 3999 879 4093 pertidum
910 4019 993 4066 eum
1046 3995 1109 4088 git,
1135 4009 1171 4067 et
1186 3995 1324 4091 pariter
1341 3994 1540 4094 expeditl')
1555 3997 1723 4070 omnibns
1740 4021 1932 4071 commuue
1945 3999 2042 4092 peri-

12 4100 145 4198 cssel‘);
170 4103 301 4174 deinde
316 4116 358 4174 ut
373 4100 431 4189 111,
457 4105 521 4201 qui
529 4099 739 4196 Philippum
754 4111 920 4178 metuunt
934 4121 995 4166 ve·
1046 4099 1167 4170 culum
1199 4099 1390 4193 depellere.
1456 4099 1527 4171 Sed
1561 4123 1643 4170 cum
1677 4101 1808 4196 aliquis
1837 4102 2042 4194 potentiam

13 4195 58 4268 lut
77 4202 271 4292 invictum,
308 4206 511 4301 intelligant
533 4203 627 4276 nihil
647 4205 681 4275 ei
708 4217 843 4278 restare
867 4223 992 4272 earum
1045 4203 1173 4273 fraude
1188 4227 1230 4274 ac
1242 4203 1374 4274 scelere
1390 4215 1600 4274 consecutus
1615 4213 1686 4288 est,
1712 4204 1804 4277 sicut
1818 4203 1897 4289 1111,
1921 4203 2042 4298 prima

12 4321 140 4392 rernm,
165 4334 232 4401 per
247 4331 335 4404 quas
351 4323 456 4381 antea
470 4309 627 4402 deceptis
640 4304 849 4379 hominibus
865 4317 994 4400 poten·
1047 4305 1186 4376 occasio
1214 4329 1255 4376 ac
1282 4304 1360 4375 leve
1384 4319 1544 4376 erratum
1567 4305 1691 4375 omnia
1714 4319 1813 4378 retro
1836 4307 2041 4402 agitatque

14 4401 89 4476 iiam
105 4435 206 4481 suam
223 4411 343 4497 auxit,
368 4415 430 4485 sed
444 4437 500 4486 res
516 4414 591 4484 eius
609 4413 656 4482 ad
670 4424 803 4483 metam
820 4434 862 4479 ac
884 4411 993 4480 finem
1047 4407 1186 4480 evertit.
1249 4407 1343 4480 Nam
1372 4408 1536 4502 potentia
1566 4407 1728 4497 iniuriis,
1761 4409 1933 4502 perfidia,
1966 4433 2042 4481 sce·

14 4510 149 4586 venisse.
1045 4511 1119 4582 lere
1142 4524 1267 4604 parta,
1299 4533 1375 4581 uon
1399 4523 1518 4607 potest
1546 4535 1621 4582 esse
1650 4513 1842 4596 diuturna,
1882 4512 1946 4584 sed
1975 4511 2042 4582 ali·

515 4611 530 4636 '
1047 4615 1257 4710 quantisper
1272 4615 1399 4699 durat,
1424 4637 1467 4684 ac
1481 4613 1560 4685 lieri
1574 4627 1713 4706 potest,
1738 4627 1780 4685 ut
1801 4614 1908 4686 valde
1930 4616 2041 4686 ctiam

14 4723 206 4750 ”““““·-·
1046 4717 1174 4788 1111131
1197 4729 1347 4811 propter
1371 4741 1451 4810 spes
1478 4740 1627 4801 eorum,
1657 4716 1781 4812 quise
1804 4719 1956 4789 adeum
1978 4719 2042 4788 ad·
2151 4741 2155 4758 t

1046 4820 1212 4912 iungunt.
1278 4817 1531 4890 Deinde'vero
1555 4814 1777 4911 deprehensa
1796 4821 1949 4914 perfidia
1975 4843 2042 4892 sus

77 4899 360 5035 fflgfffilgffl?
371 4895 838 5032 Effi'iffisslffmffi
854 4897 924 4950 Μ’
942 4909 994 4966 μ’
1046 4935 1174 5018 sponte
1189 4921 1372 4994 dilabitur.
1424 4921 1524 4994 Sicut
1548 4922 1644 4993 enim
1667 4923 1821 5038 aedilicii
1842 4949 1885 4995 ae
1905 4921 2042 5015 navigii

44 5083 90 5146 11)
105 5089 178 5152 noe]
195 5069 302 5141 111111.
323 5085 402 5138 1117.
408 5102 418 5153 ;
444 5086 494 5138 ne
514 5085 693 5138 1111111111.

108 5207 206 5292 m
224 5208 265 5260 1
1079 5162 1271 5285 nur
1284 5155 2043 5294 hume..

49 5317 429 5388 711111111111111111,
451 5326 792 5392 11111111111111111
817 5319 993 5388 crepemus
1115 5302 1230 5355 mons.
1248 5300 1391 5366 mpetum
1415 5309 1472 5352 non
1497 5301 1542 5350 est
1565 5299 1626 5350 turs
1648 5300 1771 5364 putum:
1807 5296 1895 5362 rpem
1918 5307 1975 5352 11111
1997 5301 2043 5350 αι

75 5389 131 5441 Nou
148 5397 193 5445 est
207 5399 373 5451 metuendus
392 5396 523 5463 1111111,
548 5396 611 5462 qun
633 5409 681 5449 res
706 5397 766 5448 stus
783 5405 838 5447 uon
856 5393 994 5446 111111-
1114 5370 1251 5424 1111111110·
1793 5425 1803 5435 .

71 5459 172 5512 nunes
1080 5457 1132 5522 78)
1150 5457 1275 5526 expedit]
1292 5455 1335 5512 111
1350 5455 1496 5510 rectene
1516 5453 1611 5520 tum
1634 5452 1686 5510 1111.
1707 5447 1787 5508 idib.
1804 5450 1917 5517 expetit.
1945 5504 1948 5514 ,

1433 5517 1518 5598 46·
