4548 5788
231 168 316 250 sss·
804 162 929 246 em.
961 162 1077 242 nm
1109 159 1314 240 scama
1347 151 1688 234 ammonam
2165 161 2217 238 us

232 359 400 444 paruum
419 345 458 416 in
474 355 672 416 nmmum
689 343 882 416 discrimen
897 337 1065 426 adduxit,
1078 365 1138 410 me
1154 361 1231 410 sae-
1284 357 1351 406 voa
1367 336 1512 406 decreto
1528 335 1622 404 lacto
1636 333 1773 424 legatos
1787 317 1931 403 'l'hebas
1947 329 2097 414 mittere,
2117 331 2166 426 qui
2178 359 2221 426 pa

232 475 282 546 pe
313 451 556 532 reclamante,
596 460 632 518 ct
663 449 760 518 urbs
792 449 975 518 fortunam
1000 445 1228 538 deplorante.
1284 439 1481 523 amarem,
1511 449 1555 508 ut
1576 435 1610 534 ἢ
1632 433 1766 508 nosuis
1789 433 1901 527 copiis
1923 433 2101 504 tramitum
2119 435 2222 526 praebe·

236 553 336 649 Quid
352 552 449 622 esaim
471 551 568 622 aliud
593 549 819 620 arbitramini
840 545 1050 642 Philippum
1073 571 1117 617 eo
1141 557 1232 614 tem·
1285 553 1367 612 rent
1382 553 1509 612 contra
1523 535 1734 632 Philippum
1748 536 1972 634 profecturis.
2012 534 2063 606 lbi
2075 539 2144 630 qnia
2158 563 2223 608 vere

236 679 327 752 pore
340 667 501 749 optasse,
527 653 598 726 nisi
612 665 653 724 ut
667 677 826 724 seorsum
841 652 1049 743 confligeret
1071 673 1152 720 cum
1172 667 1234 717 ur-
1285 646 1418 715 bantur
1441 639 1701 714 Thebanorum
1725 643 1851 726 duces,
1885 663 1932 710 ae
1952 663 1991 710 re
2012 663 2090 708 vera
2110 641 2225 732 prodito

236 759 342 832 banis
363 757 494 851 copiis,
528 768 565 827 et
586 778 749 828 seorsum
772 781 854 826 cum
879 753 1103 824 mercenario
1135 772 1234 820 exer·
1286 771 1344 820 res
1359 746 1589 830 viderentur,
1616 756 1825 816 averterunt
1841 767 1861 814 a
1878 765 1966 838 pace
1989 743 2133 827 animos,
2154 769 2224 838 seque

151 901 178 956 χ
238 862 312 934 citu
328 859 535 943 dimicaret,
568 871 604 930 et
620 859 778 930 Graecos
794 881 895 950 spem
917 857 1042 930 salutis
1065 852 1236 926 abiicieu·
1288 853 1333 921 ad
1348 850 1527 944 proelium
1542 858 1858 941 comparaverunt·

237 977 292 1038 tea
307 976 345 1034 et
359 974 415 1034 tut
428 961 587 1034 cladibus
601 963 734 1032 fractos
753 960 988 1054 opprimeret.
1390 952 1460 1024 tlte
1482 951 1687 1023 meminisse
1710 949 1880 1020 convenit
1901 947 2080 1020 bonorum
2102 948 2226 1033 viroruu,

1289 1079 1382 1150 quos
1394 1079 1476 1126 cum
1488 1055 1553 1126 iate
1570 1053 1609 1124 in
1632 1053 1860 1124 manifestum
1882 1050 2079 1146 periculum
2098 1053 2235 1146 aequali·

342 1115 546 1187 Tantarum
564 1111 808 1183 calamitatum
823 1135 904 1182 cum
918 1109 965 1182 sit
981 1121 1087 1180 autor
1103 1106 1237 1180 Demo·
1289 1171 1366 1229 mo
1382 1183 1499 1253 neque
1517 1155 1702 1250 amicam
1719 1155 1942 1239 adduxisset,
1968 1179 2074 1226 am,
2086 1166 2132 1224 δι
2146 1167 2228 1245 pope,

238 1213 403 1340 ubine*
442 1229 591 1337 ’ἔθνει
611 1226 819 1333 ⁶⁰⁰¹⁰¹¹l¹¹?’
858 1215 956 1308 q⁰⁰d
985 1207 1055 1334 ἕως
1089 1209 1238 1302 impum
1288 1262 1433 1334 funebri
1451 1260 1616 1333 oratione
1630 1260 1779 1331 laudare
1814 1283 1896 1330 eum
1912 1259 1950 1328 in
1964 1252 2173 1350 sepulchmn
2183 1257 2229 1326 istis

240 1325 342 1407 tuln,
375 1322 437 1392 scd
453 1321 598 1412 mdrgne
621 1341 658 1388 se
683 1341 797 1410 acc1ps
814 1328 935 1410 putat,
968 1340 999 1386 s1
1019 1338 1095 1386 nou
1117 1315 1238 1384 decer·
1788 1312 1798 1344 ’

239 1438 351 1497 natur
364 1423 432 1496 sibi
447 1445 581 1492 corona
599 1443 726 1500 aurea;
753 1444 819 1489 nec
847 1429 1037 1489 contentus
1061 1427 1114 1488 est
1135 1438 1238 1507 prae·
1289 1365 1474 1537 gwdhm
1490 1363 1642 1482 pedibffu
1656 1376 1691 1432 et
1704 1361 1890 1455 §mmm
1906 1359 2140 1480 demmilnl‘
2152 1383 2230 1476 'ml'

1227 1515 1237 1532 .
1317 1481 1411 1542 asset.
1446 1462 1684 1538 Ohomrnam
1703 1467 1822 1538 adres
1846 1465 2022 1558 gerendas
2045 1475 2231 1532 mrmmeuu

241 1528 370 1610 conio,
404 1525 503 1644 quod
525 1547 647 1594 coram
671 1522 774 1593 vobis
795 1519 1003 1640 fierisolen
1035 1519 1240 1590 renuntiari
1290 1571 1360 1640 lem
1416 1581 1558 1642 tamum
1614 1593 1656 1638 ro
1684 1581 1739 1639 m
1770 1568 1818 1636 im
1872 1562 2033 1638 dentiam
2066 1567 2102 1634 in
2127 1564 2230 1634 diffido

242 1651 417 1702 coronam
444 1639 665 1721 inspectante
687 1637 763 1696 tuta
788 1623 939 1695 Graecia
964 1623 1134 1716 postulat.
1184 1613 1238 1690 lta
1372 1623 1383 1655 ’
1588 1593 1613 1661 Ρ
1660 1593 1682 1662 Ρ
1821 1593 1870 1661 ¹³¹¹

241 1755 355 1826 prava
377 1729 521 1822 ingenia
544 1726 726 1799 licentiam
748 1728 877 1822 adepta
901 1725 1104 1798 civitatibus
1126 1721 1240 1794 mari·
1291 1673 1563 1762 mmmmm!
1589 1671 1719 1742 statim
1735 1671 1833 1742 ‘nim
1850 1669 1998 1742 ³¹¹⁶ssss
2020 1669 2132 1739 diffie
2151 1692 2180 1736 ¹¹¹
2193 1663 2232 1736 h*

241 1859 385 1906 marum
400 1832 645 1904 calamitatum
663 1853 790 1904 causae
803 1842 899 1902 suut.

1291 1801 1373 1848 rum
1389 1777 1509 1849 vultus
1525 1776 1688 1860 intuens,
1720 1777 1819 1871 quod
1839 1787 1874 1844 te
1895 1785 2047 1866 propter
2067 1785 2185 1842 tantan
2199 1791 2234 1838 ur·

1292 1879 1347 1952 his
1362 1879 1500 1950 cladem
1515 1879 1684 1950 coronari
1699 1879 1835 1950 deceat.
1887 1875 1937 1946 At
1951 1875 1982 1948 si
1998 1897 2065 1947 vos
2079 1877 2138 1946 ista
2157 1874 2234 1942 diccu-

254 2025 260 2032 ·
345 1984 511 2057 Tertium
544 1982 657 2056 scelus
685 1995 758 2066 est,
797 1984 896 2078 quod
915 1979 1103 2076 superiora
1132 1980 1240 2071 louge
1293 1995 1366 2054 tem
1389 1983 1531 2068 feretis,
1564 2005 1713 2074 prorsus
1735 1980 1916 2051 videbitur
1931 1978 2108 2050 memoria
2119 1975 2233 2046 interito

244 2085 369 2162 vincit.
432 2083 528 2160 Nam
559 2109 641 2156 cum
668 2080 860 2180 Philippus
890 2107 965 2156 uon
995 2092 1241 2155 contemneret
1291 2097 1347 2156 tot
1359 2083 1490 2156 civium
1498 2085 1783 2176 simulapudvos
1798 2095 1941 2154 mortua
1956 2105 2046 2154 csse.
2066 2080 2234 2172 Fingiteru

244 2189 424 2273 Graecos,
460 2211 579 2283 neque
610 2187 704 2260 vires
729 2211 855 2259 eorum
879 2188 1081 2281 ignorarem
1122 2209 1240 2281 neque
1291 2189 1474 2282 paulisper
1487 2209 1563 2259 non
1577 2183 1849 2271 hieiuiudicio,
1865 2187 1929 2258 sed
1943 2180 2134 2256 intheatro
2147 2184 2235 2262 sedere

244 2291 342 2364 euim
374 2303 448 2362 tam
475 2291 686 2384 imprudens
713 2303 809 2375 erat,
842 2291 947 2364 utin
968 2292 1075 2364 unius
1097 2311 1239 2383 pugnae
1292 2305 1328 2362 et
1345 2291 1498 2384 cogitate
1519 2315 1584 2364 vos
1605 2290 1728 2361 videre
1749 2293 1989 2384 prodeuntem
2011 2295 2236 2381 praecoueuet

244 2394 440 2467 discrimen
455 2417 675 2488 omnesopcs
690 2394 890 2466 etsalutem
908 2417 1011 2468 suam
1029 2393 1239 2464 coniiceret:
1291 2395 1482 2467 facientem
1514 2419 1558 2466 er
1584 2395 1728 2465 decreto
1758 2391 2017 2486 praeconium,
2058 2403 2094 2460 et
2110 2397 2235 2481 reputata

244 2521 370 2592 pacem
386 2497 574 2569 nobiscum
591 2498 709 2568 facere
736 2496 923 2590 cupiebat,
957 2509 993 2568 ct
1013 2499 1150 2590 legatos
1173 2495 1241 2565 mi·
1292 2511 1415 2571 utrum
1430 2498 1574 2590 cognati
1591 2521 1737 2582 eorum,
1763 2496 1827 2592 qui
1842 2495 1882 2564 in
1905 2493 2049 2588 proelio
2072 2493 2236 2568 cecideruut,

244 2612 462 2684 sument,
493 2612 530 2671 et
544 2595 802 2671 Thebanorum
825 2600 1007 2694 principer
1026 2599 1112 2672 belli
1133 2623 1241 2670 eveu-
1292 2601 1407 2694 magis
1419 2596 1681 2696 lachrymaturi
1694 2599 1767 2674 sint
1778 2612 1928 2693 propter
1946 2595 2161 2688 tragoedias,
2179 2613 2236 2686 que

245 2715 324 2774 turn
340 2704 568 2787 metuebant,
592 2725 712 2798 neque
729 2701 874 2774 iniuria.
925 2703 1019 2776 Nam
1043 2704 1242 2774 admonue·
1292 2717 1415 2798 postea
1437 2704 1705 2790 recitabuntur,
1731 2727 1780 2774 an
1802 2715 1954 2796 propter
1974 2699 2077 2774 urhis
2100 2695 2236 2790 ingratia

245 2818 305 2880 rat
323 2829 406 2892 eos,
438 2828 515 2876 uon
534 2804 601 2877 iste
625 2819 750 2876 orator
772 2805 960 2898 imperitus
978 2805 1033 2878 rei
1062 2804 1241 2890 militaris,
1292 2808 1427 2892 dinem,
1478 2806 1569 2902 Quis
1584 2808 1682 2878 enim
1698 2807 1927 2891 nondoleat,
1948 2793 2236 2898 praesertimhont

245 2919 283 2980 et
305 2909 467 2982 desertor
488 2909 697 3002 signorum,
722 2911 784 2981 sed
798 2903 982 2982 Phoceuse
1005 2910 1140 2981 bellum
1161 2917 1240 2979 toto
1293 2911 1452 2984 Graecus
1465 2923 1502 2980 et
1512 2909 1709 2982 liberaliter
1721 2909 1926 2994 institutus,
1940 2909 1972 2980 si
1988 2907 2119 3000 cogitet
2131 2895 2237 2972 inda

245 3024 384 3104 gestum
413 3011 589 3082 decennio
619 3025 834 3106 perpetuum
866 3014 1122 3086 documentum
1151 3025 1240 3084 erat.
1293 3027 1351 3086 tro
1372 3016 1578 3109 quondam,
1610 3037 1690 3084 cum
1715 3013 1803 3084 urbs
1815 3011 1947 3084 rectius
1961 3009 2237 3082 adnrinistraretm

246 3113 351 3210 Quae
365 3139 447 3186 cum
462 3115 513 3186 ita
527 3119 565 3188 se
586 3112 779 3201 haberent,
810 3117 966 3188 sentiens
980 3111 1241 3188 Demosthenes
1293 3131 1329 3190 ct
1340 3114 1490 3188 haberet
1503 3115 1670 3189 meliores
1682 3117 1960 3209 gubernatores,
1974 3133 2177 3207 praeconem
2187 3125 2238 3198 pra

246 3229 284 3286 et
306 3217 490 3310 suspicans
511 3217 691 3311 principes
709 3213 991 3304 Thebanorum,
1022 3243 1059 3294 se
1083 3241 1159 3290 non
1179 3220 1242 3289 ad·
1293 3219 1433 3292 duxisse
1449 3214 1791 3312 orphanoseorum,
1814 3219 1879 3314 qui
1893 3241 1960 3312 pro
1975 3211 2236 3309 repastinata

245 3314 362 3392 bibito
377 3321 424 3390 ad
437 3320 644 3390 societatem
659 3321 736 3392 eius
752 3321 912 3408 consilii,
937 3347 1063 3414 pacem
1082 3320 1242 3393 facturos
1294 3321 1515 3395 amiserant?
1550 3322 1600 3392 lli
1628 3323 1725 3394 enim
1756 3320 1889 3392 armati
1918 3320 2184 3392 ostendebantur
2199 3333 2236 3402 pt

246 3445 342 3507 esse,
371 3435 408 3493 et
431 3445 561 3493 aurum
586 3435 795 3516 accepturos
815 3445 907 3496 esse:
941 3447 1023 3496 cum
1048 3424 1243 3494 arbitrare·
1294 3426 1401 3520 pulo,
1442 3437 1478 3496 et
1503 3425 1811 3517 pronuntiabatur
1830 3418 2115 3518 pulcherrimum
2136 3435 2238 3512 praece

246 3537 308 3596 tur
320 3524 390 3598 sibi
409 3526 504 3596 fame
524 3529 749 3620 pereundum
774 3551 869 3610 esse,
901 3527 1015 3600 sicubi
1039 3527 1242 3600 excludere·
1293 3529 1416 3612 nium,
1442 3529 1613 3624 quodque
1627 3526 1784 3600 maxime
1798 3529 1893 3600 cives
1908 3527 1955 3596 ad
1971 3525 2137 3597 victuum
2158 3537 2237 3590 auat

246 3640 307 3700 tur
321 3629 367 3700 ab
383 3629 504 3724 aliqua
519 3629 740 3722 corruptela,
762 3629 918 3722 prosiliit
931 3630 970 3703 iu
983 3630 1140 3700 mediam
1157 3653 1243 3700 con·
1293 3633 1419 3717 debat,
1458 3631 1593 3704 scilicet
1616 3633 1716 3726 qnod
1743 3625 1810 3702 hos
1836 3631 2099 3713 adolescentes,
2127 3641 2236 3719 quorun

245 3731 408 3818 donem,
434 3755 515 3802 cum
533 3757 642 3804 nemo
658 3733 878 3804 mentionem
901 3733 1012 3806 ullam
1036 3733 1175 3806 fecisset
1196 3734 1242 3805 de
1293 3747 1414 3830 patres
1428 3733 1499 3804 viri
1513 3735 1624 3806 fortes
1646 3734 1687 3805 iu
1706 3733 1782 3804 acie
1802 3733 2029 3818 cecidissent,
2054 3733 2101 3801 ad
2118 3725 2237 3822 puberi*

245 3857 335 3928 pace
349 3857 432 3906 cum
447 3829 639 3929 Philippo,
665 3848 728 3907 aut
741 3836 904 3907 facienda
926 3850 989 3908 aut
1010 3859 1087 3908 non
1107 3835 1244 3908 facien·
1294 3852 1367 3910 tem
1383 3863 1497 3932 usque
1515 3837 1646 3910 aluerit
1660 3837 1835 3930 populus,
1865 3859 1964 3908 nunc
1987 3847 2107 3906 autem
2131 3831 2238 3900 donata

246 3938 311 4018 das
335 3937 398 4009 sed
414 3933 484 4007 hoc
497 3938 640 4010 decreto
655 3937 885 4011 subindicaus
900 3935 1159 4011 Thebanorum
1176 3941 1242 4010 du·
1293 3937 1350 4012 hia
1364 3941 1493 4025 armis,
1520 3942 1619 4036 quod
1641 3942 1799 4012 faustum
1819 3939 1973 4034 felixque
1995 3951 2105 4020 essm,
2133 3935 2237 4004 domum

246 4039 365 4126 cibus,
389 4041 583 4114 utlucrum
606 4065 725 4114 secum
748 4042 989 4134 partirentur,
1015 4042 1158 4113 iurabat
1172 4041 1243 4112 Mi·
1294 4043 1491 4116 dimitteret
1505 4044 1647 4115 adauae
1663 4068 1722 4115 res
1743 4043 1988 4136 possidendas.
2041 4040 2116 4110 Huc
2135 4053 2236 4129 pracce-

245 4165 395 4216 amram
412 4141 540 4242 (quam
555 4157 658 4238 putat
674 4140 832 4216 aPhidia
847 4144 1058 4216 fabricatam
1077 4169 1151 4218 esse
1165 4169 1242 4215 non
1293 4146 1357 4218 uio
1373 4148 1468 4218 facto
1484 4147 1707 4218 vocabantur
1721 4149 1767 4216 ad
1782 4169 1991 4239 supremam
2009 4145 2125 4216 locum
2141 4155 2235 4207 coma

246 4247 294 4324 ab
312 4247 425 4332 aliud,
439 4247 565 4320 uisi-ut
578 4249 653 4320 eius
669 4248 817 4319 nomine
833 4251 878 4319 ad
891 4249 1086 4320 fallendum
1097 4248 1242 4342 acpeie-
1293 4275 1365 4322 sus.
1415 4251 1535 4348 Atque
1551 4245 1759 4322 huiusmodi
1773 4247 2011 4342 praeconium
2027 4237 2236 4342 quantana

244 4353 399 4422 randum
422 4351 607 4440 abutatur)
633 4352 671 4422 iu
694 4371 872 4422 carcerem
897 4351 1127 4445 abripiendos
1154 4373 1242 4435 esse,
1293 4355 1374 4434 bat;
1413 4376 1510 4424 nunc
1531 4354 1639 4445 longe
1664 4351 1763 4423 aliud
1784 4354 1857 4424 fiet.
1924 4351 2063 4422 Praeco
2085 4335 2235 4431 eumad

246 4453 311 4548 qui
325 4467 512 4526 censerent
522 4479 647 4548 pacem
665 4480 745 4526 cum
753 4451 924 4548 Philippo
938 4456 1138 4526 faciendam
1155 4478 1242 4526 ease.
1294 4455 1415 4550 pueris
1436 4455 1601 4528 orbitatis
1624 4479 1731 4526 causa
1754 4468 1827 4540 est,
1858 4455 2044 4548 producet.
2099 4446 2182 4541 Quid
2197 4462 2236 4509 at

245 4555 323 4626 Hac
336 4555 376 4626 iu
396 4582 435 4627 re
459 4559 620 4630 imitatus
644 4572 697 4630 cst
712 4558 854 4630 Cleonis
875 4557 970 4632 illius
990 4558 1242 4642 temeritatem,
1294 4573 1365 4630 tem
1392 4558 1486 4630 dicet
1508 4570 1571 4630 aut
1591 4557 1866 4650 pronuntiabit?
1896 4557 1990 4629 Nam
2012 4555 2076 4627 etsi
2099 4555 2233 4622 decretu

248 4659 314 4756 qui
344 4659 475 4731 dicitur
503 4663 542 4732 in
570 4663 685 4746 bello,
721 4663 820 4757 quod
842 4687 923 4732 cum
945 4659 1242 4734 Lacedaemoniis
1294 4657 1536 4754 Ctesiphontis
1554 4660 1736 4748 recitabit,
1762 4686 1837 4732 non
1859 4673 1981 4730 tamen
2002 4656 2128 4753 poterit
2145 4647 2234 4720 verita

246 4760 440 4858 gessimus,
466 4765 550 4857 quia
566 4762 754 4858 prohibuit
767 4789 891 4858 pacem
913 4767 1001 4838 dare
1026 4763 1243 4859 petentibus,
1294 4765 1349 4836 rei
1364 4764 1592 4858 turpissimae
1609 4765 1845 4850 dissimulari,
1871 4765 1935 4834 sed
1949 4765 2068 4856 palam
2086 4757 2232 4860 reclama

245 4865 436 4940 civitatem·
457 4880 619 4960 nostram
650 4869 829 4942 evertisse.
892 4870 1091 4964 Postquam
1121 4881 1241 4940 autem
1294 4869 1375 4940 voci
1395 4867 1584 4961 praeconis
1606 4868 1806 4952 videbitur,
1841 4867 1940 4962 quod
1962 4862 2057 4937 hunc
2080 4863 2231 4937 virum,⁵¹

246 4966 414 5066 Thebani
429 4969 535 5040 duces
549 4993 625 5040 non
641 4988 724 5044 sunt
746 4972 899 5058 assensi,
933 4975 995 5046 sed
1016 4986 1153 5045 vestros
1175 4970 1244 5042 mi·-
1294 4986 1417 5044 tamen
1431 4971 1487 5042 vir
1502 4984 1555 5042 est
1575 4972 1830 5064 appellandus,
1857 4982 2006 5042 coronet
2027 4967 2139 5037 civitas
2156 4958 2230 5026 vid*

186 5081 191 5088 “
244 5074 325 5146 lites
342 5073 425 5142 inde
441 5070 668 5158 remiserunt,
683 5089 723 5146 ut
741 5079 785 5147 de
797 5099 886 5169 pace
896 5076 1155 5160 deliberaretis,
1176 5074 1242 5146 iste
1294 5077 1339 5150 tis
1370 5099 1495 5160 causa,
1529 5099 1610 5144 cum
1634 5075 1680 5146 sit
1700 5074 1892 5168 pessimus;
1925 5067 2131 5144 fortitudinis
2148 5077 2229 5134 caua,

244 5179 354 5271 plane
369 5178 490 5247 furere
512 5175 650 5268 coepit,
684 5191 719 5248 ct
740 5201 949 5270 progressus
969 5181 1007 5249 in
1031 5179 1240 5251 concionem
1294 5206 1374 5253 cum
1393 5179 1439 5251 sit
1455 5178 1705 5271 ignavissimus
1720 5191 1756 5248 et
1769 5180 1931 5250 desertor
1952 5176 2121 5248 ordinum.

242 5281 387 5352 vocarit
410 5279 492 5352 illos
517 5280 689 5356 Graeciae
714 5281 936 5373 proditores;
980 5296 1016 5353 et
1049 5307 1131 5354 cum
1165 5282 1242 5375 ipae

244 5405 433 5478 uunquam
450 5386 544 5458 ullos
565 5382 686 5458 hostes
709 5384 894 5478 adspicere
916 5386 1106 5472 sesessit,
1140 5384 1243 5458 iussit
1331 5414 1379 5486 12)
1397 5419 1443 5480 ης]
1462 5417 1490 5468 1„
1507 5417 1558 5469 m,
1577 5415 1654 5472 χωρ,
1672 5413 1803 5467 caman
1821 5417 1874 5467 aa,
