4696 5802
53 229 120 304 101
196 221 319 300 mut
370 223 683 302 anouueura
706 227 774 300 nr
800 223 1002 302 scuoua
1029 225 1078 300 tu
1102 221 1252 298 mur.
1274 225 1390 300 rau.
1416 225 1505 302 cte
1534 227 1625 306 nm.
1639 231 1699 308 tn
1722 233 1950 318 auser.
2021 213 2101 350 'sos

50 399 188 470 litteras
209 397 461 492 significasset,
486 423 570 472 eum
585 423 662 472 non
677 399 837 495 potuerit
858 399 1050 472 convenire

50 517 185 574 umen.
238 501 360 598 Quare
375 527 455 574 cum
471 527 515 574 eo
531 503 569 574 in
586 498 655 575 hac
669 504 819 598 epistola
836 504 1049 596 expostulat,

50 607 146 702 quod
168 630 247 676 non
267 605 406 678 venerit
424 603 663 692 Laodiceam,
696 633 770 704 quo
792 633 829 680 se
855 619 1047 678 venturum

1204 395 1236 492 §.
1251 399 1288 472 δ.
1313 403 1489 486 ΝΜ,
1515 399 1638 504 Μ]
1664 403 1938 510 Propositio'¹).
2016 423 2097 506 Nea

1096 513 1273 596 muse,
1299 497 1418 600 endo]
1444 503 1630 602 Purgatio.

1202 602 1234 699 ᾗ.
1259 603 1296 680 4.
1332 610 1368 678 Δ
1389 609 1585 696 Pausania,
1617 609 1778 712 lentuli]
1809 615 1890 688 Alia
1914 623 2094 714 purgatio,

50 721 145 779 certo
166 709 397 802 promiserat.
447 709 572 782 Utitur
588 725 709 783 autem
725 713 771 783 ad
787 735 866 782 eam
883 735 960 781 rem
975 710 1048 781 sin·
1099 733 1142 778 ex
1155 708 1320 780 locorum
1335 709 1517 782 distantia.
1595 714 1801 806 Quumpuer
1814 717 1913 820 tum]
1937 719 2093 798 Eme.

51 811 166 904 gulari
182 815 342 908 quadam
356 825 452 899 arte,
478 827 521 885 ut
536 808 721 885 hominem
736 826 866 886 natura
889 811 1047 884 irritabi·
1098 810 1163 896 tio,
1189 813 1288 907 quod
1303 835 1379 881 non
1392 813 1570 905 prodierit
1584 814 1740 891 obviam.
1801 825 2092 929 eneruem]

49 916 117 984 lem
138 927 178 984 et
198 917 390 1010 querulum
410 939 487 988 non
509 917 642 988 alienet
662 942 682 988 a
703 942 761 1004 se,
800 917 863 988 sed
891 916 1047 986 amicum
1096 914 1358 1008 Argumentum
1375 917 1582 990 voluntatis.

50 1017 216 1090 retineat.
280 1017 431 1090 Exordii
462 1021 542 1090 loco
573 1019 722 1114 ponitur
749 1018 971 1114 propositio,
1009 1043 1046 1092 se
1202 1013 1233 1108 ἓ.
1248 1014 1284 1090 5.
1311 1021 1458 1106 Quaeso,
1492 1017 1659 1120 ammae]
1684 1019 1802 1098 Locus
1823 1033 2024 1106 communis
2046 1035 2092 1108 de
2193 1049 2197 1056 '

51 1121 179 1190 merito
193 1117 458 1213 reprehendere
474 1122 654 1220 Appium,
686 1125 786 1218 quod
807 1121 939 1216 fugerit
962 1145 1047 1192 con·
1097 1119 1305 1206 nobilitate,
1339 1121 1443 1216 quasi
1462 1122 1614 1194 diceret:
1655 1125 1797 1198 Puerile
1818 1143 1889 1217 est,
1922 1133 2092 1208 nohilita-

50 1248 220 1315 gressnm.
289 1223 581 1318 Propositionem
605 1227 768 1322 sequitur
792 1225 899 1318 longa
920 1247 1046 1294 narra·
1098 1234 1170 1292 tem
1187 1247 1371 1318 opponere
1391 1226 1615 1300 ornamentis
1631 1227 1784 1302 virtutis.

50 1327 118 1411 tio,
146 1326 186 1396 in
202 1350 275 1420 qua
292 1351 416 1398 causas
437 1342 625 1402 enumerat
643 1354 729 1400 suae
751 1325 1045 1420 expostulationis
1375 1393 1384 1410 ,

50 1428 170 1498 addita
185 1429 377 1502 collatione
397 1429 453 1502 sui
467 1431 553 1502 sacti
574 1457 655 1502 curn
675 1435 769 1502 facto
786 1430 916 1524 Appii,
948 1429 1046 1500 vide·
1311 1392 1451 1464 Mffld
1486 1400 1873 1496 ”iumentumuh

51 1531 129 1602 licet
160 1557 198 1603 se
229 1533 329 1602 nulla
358 1557 399 1604 re
427 1547 568 1606 motum
591 1559 671 1604 eam
693 1533 831 1606 itineris
853 1533 1045 1618 rationem,
1198 1527 1427 1628 Apamaeill)
1442 1529 1708 1625 imperaverant
1728 1537 1800 1610 suis
1820 1537 1957 1612 civibus
1978 1541 2092 1618 trihu·

51 1659 157 1730 quam
172 1633 312 1728 Appius
333 1637 629 1730 praescripserat,
660 1637 850 1730 diligenter
873 1659 1045 1720 servasse,
1098 1643 1174 1700 turn
1203 1635 1249 1704 ad
1277 1633 1459 1727 quandam
1489 1635 1669 1727 publicam
1702 1640 2006 1730 aedificationem,
2046 1673 2090 1720 eo

50 1737 206 1832 Appium
222 1761 310 1808 vero
326 1761 404 1808 eam
419 1739 562 1831 penitus
576 1739 782 1832 neglexisse.
816 1739 963 1828 ,Postea
983 1739 1046 1808 ad·
1097 1759 1179 1804 cum
1194 1759 1231 1806 se
1247 1736 1391 1827 gravari
1405 1735 1553 1831 quidam
1571 1740 1667 1830 apud
1680 1739 1888 1814 Ciceronem
1903 1751 2091 1844 conquesti
2209 1805 2215 1814 .

49 1842 98 1910 dit
110 1843 260 1924 brevem
276 1836 614 1934 reprehensionem,
640 1845 739 1938 quod
755 1854 903 1934 rogatus
923 1853 1046 1912 tamen
1098 1849 1233 1923 essent,
1258 1837 1371 1910 vetuit
1385 1839 1560 1913 tributum
1576 1841 1686 1934 exigi,
1707 1845 1918 1942 priusquam
1936 1873 1994 1922 res
2016 1875 2037 1922 a
2052 1879 2090 1926 se

51 1942 226 2014 dimiserit
244 1956 315 2015 tres
337 1939 514 2017 cohortes.
566 1945 757 2018 Conclusio
782 1941 893 2016 hahet
912 1945 1045 2037 signifi-

50 2046 227 2117 cationem
244 2047 301 2118 sui
318 2047 486 2119 desiderii
501 2049 740 2118 conveniendi
753 2047 924 2142 Appium.
965 2045 1046 2118 Fat-

49 2175 114 2244 que
129 2149 299 2242 repetitio
315 2153 491 2245 quaedam
506 2151 626 2222 brevis
641 2151 881 2244 superiorum.
919 2147 969 2220 Et
984 2151 1045 2221 ad·

50 2254 143 2322 ditur
171 2251 386 2344 pollicitatio
420 2277 505 2324 suae
535 2252 758 2326 constantiae
791 2253 829 2324 in
854 2254 1043 2324 retinenda

52 2355 225 2440 amicitia,
257 2368 441 2452 utcunque
464 2355 646 2429 acciderit.
703 2354 746 2427 ln
767 2357 838 2428 line
860 2368 985 2429 monet
1001 2357 1044 2428 dc

51 2483 139 2528 nova
159 2460 302 2530 ratione
318 2457 475 2532 instituti
497 2458 648 2532 itineris.

296 2629 436 2702 Aliud
463 2641 789 2726 argumentum.

150 2767 334 2838 Contiuua
357 2769 594 2840 estuarratio
609 2762 717 2839 huius
736 2766 926 2860 epistolae,
952 2790 1044 2864 quae

53 2872 185 2944 duabus
208 2883 348 2942 constat
371 2871 547 2964 partibus.
606 2869 731 2940 Prima
752 2894 835 2962 pars
856 2865 966 2940 habet
987 2895 1045 2940 ex-

52 2974 266 3066 positionem
288 2973 479 3065 singrdaris
505 2971 691 3045 cuiusdam
717 2972 922 3068 diligentiae
946 2971 1045 3042 Cice-

52 3078 147 3148 ronis
164 3100 250 3168 erga
264 3076 446 3169 Appium,
472 3089 595 3173 estque
611 3071 703 3146 hacc
716 3075 917 3169 propositio
935 3074 1044 3146 totius

49 3179 285 3250 narrationis:
313 3180 397 3252 Non
411 3192 507 3250 recte
531 3178 634 3272 egisti
654 3203 808 3252 mecum.
865 3175 907 3248 ln
932 3178 1043 3248 altera

49 3297 149 3375 parte
165 3295 220 3354 est
234 3283 413 3354 accusatio
436 3282 598 3354 instituta
622 3295 747 3354 contra
762 3281 941 3375 Appium,
973 3303 1044 3376 qua

51 3387 198 3478 exponit
223 3385 523 3479 propositionem.
583 3383 686 3456 Hanc
708 3397 899 3477 exaggerat
920 3385 965 3454 ab
988 3408 1046 3454 ar-

51 3490 229 3580 gumentis
250 3490 402 3582 sumptis
425 3513 444 3558 e
466 3486 726 3582 pollicitatione
749 3488 858 3580 Appii
879 3499 915 3556 et
942 3511 963 3556 a
988 3511 1045 3560 ca·

50 3593 201 3664 lumniis.
224 3593 498 3664 malevolorum.
572 3591 720 3662 Adiecta
748 3603 801 3662 cst
825 3589 933 3661 etiarn
959 3613 1046 3684 que-

52 3699 135 3770 rela.
186 3695 360 3789 Epilogus
383 3695 544 3766 continet
566 3694 829 3786 mitigationem
852 3693 1046 3763 accusatio-

52 3801 124 3885 nis,
159 3824 229 3893 qua
244 3801 360 3870 defert
373 3823 480 3870 suurn
494 3796 651 3868 officium
660 3797 793 3890 Appio,
818 3797 1045 3867 admonendo

53 3902 170 3987 illum,
196 3915 256 3988 ut,
281 3902 312 3974 si
328 3901 405 3972 lieri
422 3901 552 3995 possit,
578 3913 725 3970 maneat
739 3899 778 3969 in
798 3897 997 3993 provincia.

96 4107 427 4202 Argumentum
460 4115 504 4174 et
534 4097 712 4176 scholia
746 4101 795 4172 iu
830 4101 1004 4197 episto-

455 4207 545 4277 lam
570 4202 648 4276 Vll.
688 4299 691 4305 Ι

149 4358 367 4455 Ερίεὶοίει“)
384 4370 437 4430 est
451 4356 627 4429 iudicialis
650 4357 800 4450 generIs.
850 4355 945 4430 Nam
971 4367 1048 4430 tota

60 4463 93 4533 io
109 4462 335 4535 confutandis
351 4462 415 4545 iis,
449 4485 541 4555 quae
562 4462 608 4531 ab
621 4460 744 4554 Appio
769 4461 906 4532 obiecta
931 4475 1049 4546 erunt,

60 4581 91 4638 et
105 4570 140 4637 in
155 4565 442 4660 expostulatione
458 4566 503 4634 de
517 4565 646 4634 itinere
663 4562 892 4657 consistitffl).

153 4669 185 4764 ᾗ.
203 4673 237 4743 1.
278 4669 441 4741 Pluribus
465 4669 595 4754 oertte,
636 4679 672 4738 et
692 4671 787 4738 Haec
810 4669 936 4758 scripsi
959 4661 1047 4764 ete]

57 4771 317 4848 Excusationcs.

150 4875 182 4970 5.
200 4882 237 4952 2.
270 4866 684 4970 teputApamnt‘h]
709 4869 897 4945 Narratio.

86 5099 134 5157 tt)
152 5093 296 5158 epistota]
314 5091 357 5141 sle
373 5089 460 5142 stlta
481 5087 573 5154 tm,
598 5088 691 5152 tues,
714 5087 807 5151 15⁴6„
835 5083 927 5151 156⁰„
954 5081 1049 5146 leot}

119 5167 203 5216 Edita.
226 5163 313 5227 toto,
334 5161 421 5226 tm,
441 5155 910 5222 tesa‚1ss7.rputouqrtten.

83 5252 214 5385 [1ῗῶοοί
223 5249 429 5367 -ῗῶῗιιοπιαι
451 5245 585 5309 enatent
601 5244 687 5296 stau.
708 5243 823 5295 tw·-
841 5244 932 5308 tosa,
960 5241 1049 5310 lotz,

86 5408 135 5467 bt)
153 5403 330 5472 assueret]
348 5397 391 5450 sle
406 5399 492 5450 nette
512 5397 606 5460 ¹5³7„
633 5399 725 5463 tutu,
752 5397 827 5451 1545.
871 5398 963 5460 totta
998 5395 1050 5448 Ed.

121 5477 205 5528 oren
226 5475 254 5524 et
270 5471 357 5524 rotet
374 5467 463 5532 tata,
483 5467 570 5534 rose,
588 5465 678 5536 esee,
698 5465 785 5534 iseo,
806 5430 880 5518 ioht.
906 5467 934 5517 tn
955 5467 1048 5518 textu:

1098 1953 1188 2012 esset
1211 1941 1366 2034 cognita.
1434 1943 1530 2038 Quia
1553 1956 1673 2017 autem
1699 1970 1740 2017 ca
1764 1948 1963 2022 aedificatio
1979 1951 2091 2050 Appii

1098 2043 1247 2116 consilio
1272 2059 1397 2138 coepta
1420 2059 1517 2132 erat,
1559 2049 1797 2142 expostulavit
1819 2077 1900 2124 curn
1916 2053 2091 2132 Cicerone

1096 2146 1254 2240 Appius,
1280 2149 1379 2246 quod
1400 2147 1568 2224 vetuisset
1584 2152 1675 2246 exigi
1692 2153 1884 2240 tributum,
1915 2158 1992 2230 siue
2067 2187 2089 2234 o

1097 2251 1295 2322 aedificatio
1313 2275 1388 2324 non
1406 2265 1550 2344 poterat
1565 2255 1715 2328 absolvi.
1757 2257 1881 2330 Cicero
1897 2259 2008 2354 igitur
2016 2185 2091 2336 hie

1097 2353 1267 2448 epistola,
1308 2378 1402 2450 quae
1425 2368 1478 2426 est
1499 2360 1639 2449 generis
1660 2357 1855 2444 iudicialis,
1896 2367 2091 2457 respondet

1097 2457 1144 2526 ad
1164 2457 1487 2549 expostulationem
1506 2458 1636 2555 Appii,
1669 2485 1778 2558 quam
1803 2463 1966 2558 pluribus
1985 2489 2091 2560 argu·

1097 2559 1227 2630 urentis
1241 2561 1391 2632 omnino
1405 2559 1569 2656 iniquam
1594 2587 1668 2636 esse
1688 2566 1840 2658 probat,
1873 2579 1980 2662 atque
2002 2565 2092 2642 haec

1096 2661 1214 2756 prima
1227 2657 1335 2736 huius
1352 2663 1524 2758 epistolae
1542 2689 1625 2759 pars
1637 2679 1701 2739 est.
1752 2665 1794 2740 ln
1816 2671 1971 2742 secunda
1987 2685 2090 2764 parte

1096 2777 1229 2858 purgat
1257 2791 1316 2850 se,
1354 2767 1454 2862 quod
1475 2766 1615 2861 Appius
1642 2769 1840 2858 obiecerat,
1880 2771 2091 2848 Ciceronem

1097 2867 1165 2938 sibi
1181 2891 1258 2938 nou
1270 2868 1408 2941 venisse
1424 2869 1580 2942 obviam.
1631 2867 1672 2940 ln
1688 2875 1835 2944 exordio
1860 2874 2008 2966 ponitur·
2031 2901 2089 2950 ex·

1097 2971 1233 3042 cusatio
1253 2969 1439 3041 brevitatis
1461 2971 1676 3044 litterarum.
1735 2975 1906 3070 Sequitur
1926 2981 2090 3050 narratio
2158 3041 2164 3048 .

1097 3075 1142 3142 de
1170 3072 1454 3166 expostulatione
1483 3071 1677 3167 impeditae
1710 3077 1985 3163 aedificationis,
2032 3081 2091 3154 cui

1096 3175 1239 3246 subiicit
1251 3175 1556 3270 propositionem:
1579 3175 1657 3268 Ego
1673 3181 1859 3252 ostendam
1877 3175 1971 3252 hanc
1989 3194 2092 3256 tuam
2133 3173 2140 3190 .

1098 3279 1419 3374 expostulationem
1435 3276 1599 3375 iniquam
1613 3305 1699 3357 esse.
1746 3281 1857 3355 Addit
1871 3281 1992 3380 itaque
2007 3309 2092 3378 pro-

1097 3381 1271 3474 positioni
1287 3383 1551 3475 purgationem.
1603 3381 1742 3454 Deinde
1759 3400 1811 3459 est
1830 3385 1901 3456 alia
1923 3389 2091 3481 purgatio

1098 3487 1142 3554 de
1168 3485 1297 3555 itinere
1320 3509 1363 3554 ex
1382 3482 1546 3556 locorum
1576 3485 1758 3561 distantia.
1824 3488 1944 3586 Atque
1963 3490 2002 3558 in
2023 3486 2093 3563 hac

1098 3588 1312 3680 purgatione
1332 3587 1522 3680 diligenter
1542 3601 1672 3660 tractat
1694 3606 1905 3682 argumenta
1928 3591 2093 3666 volunta·

1098 3690 1165 3774 tis,
1208 3692 1307 3785 quod
1331 3690 1463 3770 scilicet
1490 3692 1640 3762 omnino
1666 3693 1821 3762 voluerit
1850 3695 1904 3768 ire
1935 3693 2094 3782 obviam,
2195 3741 2201 3748 ·

1099 3793 1291 3884 impeditus
1307 3806 1428 3865 autem
1442 3794 1553 3864 suerit
1568 3819 1653 3868 casu
1665 3799 1835 3890 quodam.
1881 3793 2097 3888 Purgationi

1099 3894 1243 3966 subiicit
1266 3890 1604 3989 reprehensionem,
1643 3899 1742 3996 quod
1769 3910 1957 3992 tantopere
1988 3898 2098 3975 iactet

1099 4022 1202 4069 suam
1225 3999 1471 4085 nobilitatem,
1504 4000 1625 4074 dicens
1653 4002 1790 4094 puerile
1817 4026 1897 4076 esse
1925 4001 2094 4074 nohilita-

1100 4116 1173 4172 tem
1204 4126 1386 4196 opponere
1415 4105 1636 4176 ornamentis
1665 4105 1819 4176 virtutis.
1878 4101 2011 4200 Estque
2034 4101 2096 4178 hic

1100 4205 1200 4276 locus
1225 4206 1426 4279 communis
1448 4208 1492 4278 dc
1515 4207 1823 4280 vera.nobilitate.
1886 4203 2097 4282 Excusatio-

1100 4329 1184 4380 uem
1202 4322 1238 4380 et
1253 4305 1570 4404 reprehensionem
1587 4309 1769 4403 aptissime
1787 4310 1967 4384 concludit
1990 4313 2096 4406 polli·
2121 4353 2123 4358 ,

1169 4565 1298 4630 Apptuat
1315 4562 1359 4624 (tn
1375 4563 1426 4612 tec
1444 4561 1511 4612 note
1527 4561 1620 4614 eutem
1635 4563 1720 4615 utta.
1735 4563 1823 4628 tata,
1843 4562 1931 4627 tm,
1950 4561 2026 4616 tote.
2044 4564 2097 4618 tte-

1168 4637 1250 4686 tent:
1284 4633 1478 4698 Apamam,
1507 4630 1558 4682 Ed.
1580 4630 1655 4683 taso.
1681 4631 1847 4698 metant.
1876 4654 1912 4667 —
1962 4632 2097 4702 Apamea,

1169 4703 1284 4755 Gttotoe
1302 4700 1512 4768 cognominata,
1536 4701 1602 4752 urbs
1621 4700 1762 4763 Phrygiae
1779 4699 1892 4752 maturis
1909 4699 1947 4751 ed
1962 4701 2099 4768 lteram

1168 4769 1358 4894 pightteeppppllqi
1372 4769 1559 4892 ισιοιιΐίὲιίἰιιωε,
1577 4779 1648 4848 quse
1663 4769 1718 4834 ipat
1730 4767 1859 4822 ciceron
1874 4771 2036 4833 proconsuli
2046 4771 2098 4828 ut·

1234 4852 1251 4890 e
1353 4851 1372 4892 u

1135 4943 1185 5004 st)
1203 4943 1279 4994 tteee
1289 4947 1358 4995 note
1370 4946 1399 4994 et
1412 4956 1533 5008 sequens
1546 4943 1575 4995 ir
1587 4943 1673 4996 nutat
1682 4940 1770 5010 ista,
1790 4943 1866 4997 tm.
1885 4946 1953 4998 sunt
1968 4945 2097 5005 um

1135 5047 1185 5107 ot)
1203 5045 1258 5100 Pro
1281 5046 1325 5097 tle
1345 5048 1402 5102 cto.
1426 5048 1521 5100 veruta
1544 5047 1574 5100 tu
1596 5047 1682 5100 unct.
1707 5047 1781 5100 1545.
1789 5081 1799 5114 ,
1825 5047 1905 5104 150⁰.
1928 5049 2099 5122 tute-uotae

1170 5115 1294 5180 praetre
1311 5121 1392 5168 sunt:
1418 5117 1580 5183 conseruat
1596 5117 1738 5170 Iconium.

1134 5219 1185 5280 56)
1205 5221 1473 5342 qtppoeregorpepttun
1492 5221 1521 5270 et
1537 5219 1591 5271 duo
1609 5218 1754 5284 sequeutia
1771 5197 1900 5275 taurus
1914 5219 2008 5288 lm,
2028 5221 2098 5280 tte}

1170 5311 1205 5328 υ·
1281 5326 1288 5342 ,
1322 5302 1356 5339 1!

1135 5393 1185 5452 st)
1202 5393 1335 5454 susara
1359 5392 1394 5451 u.
1413 5406 1439 5456 q.
1458 5379 1648 5454 spineam]
1670 5382 1758 5444 natis.
1779 5387 1870 5460 tm,
1894 5389 1965 5444 ates
1977 5420 2012 5436 -
2026 5395 2095 5452 rm

1171 5463 1198 5514 t.
1217 5461 1236 5514 t.
1254 5463 1283 5512 et
1298 5459 1326 5510 tu
1344 5473 1403 5523 seu.
1420 5463 1600 5524 argumente<
1624 5457 1783 5523 appa-eet

1458 5527 1519 5598 7.
