4608 5792
48 101 108 252 lo
176 137 184 142 ’
272 149 413 227 xxxv.
438 149 838 232 mrunrnmauo
867 148 1131 228 omuorus
1156 149 1501 234 nnuosruuvn
1526 151 1831 234 naconem
1999 163 2077 244 ⁸54
2131 187 2141 194 -

25 337 280 419 ,gx-:tanquam
295 321 468 408 iniustus,
483 325 547 419 qui
562 349 668 418 saepe
687 337 889 409 accusatus,
903 337 1026 396 tamen
1077 347 1205 408 naves,
1231 326 1367 396 contuli
1382 326 1573 420 pecuniam
1588 327 1634 396 ad
1656 329 1816 421 publicas
1838 337 2076 430 necessitates,
2094 325 2098 339 ¹

31 449 101 522 ,pp
128 426 246 518 potuit
278 427 444 496 convinci
468 440 641 523 tanquam
662 428 827 506 iniustus.
885 425 1026 498 Deinde
1076 426 1358 498 munificentiam
1389 429 1530 521 publice
1560 442 1596 502 et
1624 431 1794 524 privatim
1828 442 1989 528 exercui,
2021 447 2077 518 fui

25 573 56 642 g,
78 553 197 600 versus
215 521 438 603 ,Aeschinem
471 527 562 602 mibi
598 532 744 625 quidem
771 530 921 622 gloriari
941 531 1026 600 licet
1076 528 1175 600 utilis
1206 529 1341 602 civitati
1368 544 1404 601 et
1424 533 1571 606 civibus.
1632 535 1761 606 Postea
1782 563 1889 627 vero,
1922 550 2076 620 eumad
2125 589 2131 602 ι

42 533 171 727 ,gipso
186 655 244 706 me
262 655 449 725 nimquam
464 646 764 706 accusatumesse.
792 633 914 726 Quare
926 633 1024 726 quod
1077 632 1218 723 publica
1236 633 1385 704 consilia
1402 636 1555 721 accessi,
1582 659 1640 708 eas
1655 652 1775 730 partes
1789 642 1902 735 elegi,
1925 663 2076 744 propter

26 739 79 873 ,ql
108 747 142 804 te
170 734 334 817 affinem·
353 734 440 808 civis
471 760 547 812 non
568 762 648 810 sum
671 736 829 808 deterior
851 731 1024 828 Cephalo.
1077 759 1167 828 quas
1183 747 1220 804 et
1235 759 1255 803 a
1269 736 1387 828 patria
1404 749 1439 807 et
1461 740 1506 808 ab
1529 739 1609 810 aliis
1624 740 1769 814 Graecis
1789 769 1897 840 saepe
1921 775 2075 824 corona-

24 863 120 948 ,pum
136 850 257 909 autem
271 838 385 909 m'ulta
401 838 472 908 alia
494 839 567 911 sint
588 825 665 908 non
686 842 837 910 obscura
861 838 960 930 signa
985 839 1024 907 in
1076 849 1133 908 tus
1164 861 1263 922 sum,
1297 851 1332 908 et
1356 863 1444 931 quas
1469 864 1515 910 ne
1540 845 1773 939 vosquidem
1797 848 1935 922 inimici
1956 856 2075 930 dicere

24 953 97 1035 ΗΜιῑο
114 939 302 1031 pravitatis
320 953 356 1010 et
370 941 667 1026 malevolentiae,
693 955 769 1014 tum
786 965 872 1012 vero
887 935 957 1012 hoc
981 941 1024 1010 il-
1077 939 1215 1011 audetis
1246 964 1323 1010 non
1349 941 1457 1013 fuisse
1488 939 1667 1018 honestas.
1726 948 1826 1022 Talis
1858 953 1927 1026 fuit
1950 982 2073 1036 cursus

23 1077 37 1142 ,ι’
47 1038 136 1141 petre
155 1055 224 1126 est,
244 1044 342 1136 quod
354 1044 537 1116 fortunam
554 1057 728 1139 tanquam
745 1045 919 1137 probrum
933 1039 1024 1114 mihi
1076 1065 1178 1112 meae
1202 1042 1297 1114 vitae
1322 1042 1361 1112 in
1383 1044 1524 1138 privata
1549 1048 1707 1122 fortuna.
1769 1051 1934 1150 Cumque
1956 1061 2073 1136 multa

23 1144 162 1233 ¹pdsiicit.
214 1142 292 1236 Ego
313 1171 400 1218 vero
426 1147 588 1243 quisquis
609 1145 720 1218 bomo
743 1144 887 1218 homini
909 1148 1023 1228 fortu-
1076 1147 1209 1216 addere
1232 1171 1394 1238 possem,
1428 1148 1573 1234 desino,
1607 1175 1653 1220 ne
1676 1153 1735 1224 cui
1756 1149 1844 1226 haec
1868 1161 2008 1248 oratio,
2040 1165 2073 1236 si

23 1269 36 1336 'g
51 1268 110 1338 pam
128 1261 302 1343 tanquam
319 1250 493 1342 probrum
510 1250 651 1335 obiicit,
677 1251 836 1324 insanire
850 1275 932 1320 eum
951 1249 1022 1320 exi·
1074 1248 1246 1340 praeliari
1261 1250 1405 1336 videar,
1432 1251 1583 1322 molesta
1607 1254 1664 1324 sit.
1718 1255 1776 1327 Tu
1798 1283 1884 1330 vero
1909 1264 1966 1334 vir
1992 1290 2072 1358 gra-

22 1353 143 1441 mimo.
212 1349 305 1428 Cum
336 1353 434 1422 enim
468 1366 503 1424 et
533 1353 582 1437 is,
631 1353 696 1448 qui
729 1351 1021 1425 florentissimam
1074 1349 1238 1437 vissime,
1265 1353 1329 1446 qui
1344 1353 1494 1446 despicis
1516 1355 1626 1442 alios,
1660 1359 1783 1428 confer
1806 1359 1969 1438 adhunc
1991 1393 2071 1442 cur-

23 1476 106 1540 gum
136 1448 271 1524 habere
303 1456 520 1540 arbitratur,
561 1480 638 1526 non
660 1457 769 1540 sciat,
803 1479 851 1524 an
872 1455 954 1526 talis
975 1456 1022 1524 ad
1074 1477 1154 1524 sum
1169 1455 1354 1532 fortunam
1381 1469 1494 1529 tuam.
1546 1458 1606 1531 Tu
1629 1471 1750 1530 autem
1772 1462 1811 1530 in
1834 1489 1965 1558 magna
1991 1495 2071 1563 ege-

24 1577 211 1651 Hesperum
230 1579 403 1633 mansura
418 1559 483 1643 sit,
508 1581 739 1654 nequaquam
753 1563 947 1630 deceteam
971 1557 1022 1627 al·
1074 1567 1164 1626 state
1179 1560 1343 1630 detentus
1368 1583 1404 1630 es
1428 1561 1524 1652 apud
1546 1574 1687 1653 patrem
1711 1565 1899 1638 docentem
1925 1571 2070 1644 inludo

44 1659 94 1746 eri
115 1672 155 1730 ut·
177 1659 317 1731 crimen
339 1659 509 1734 obiicere.
567 1661 660 1754 Cum
685 1677 806 1736 autem
828 1657 1021 1732 Aeschines
1073 1657 1270 1745 litterario,
1313 1675 1505 1754 occupatus
1538 1667 1689 1734 terendo
1723 1679 1947 1757 atramento,
1984 1699 2071 1768 pur·

21 1773 73 1875 ,pt
86 1763 150 1832 alia
166 1764 302 1847 multa,
336 1764 387 1834 ita
411 1777 445 1834 et
469 1760 558 1836 baec
578 1767 729 1857 superbe
752 1778 789 1836 et
810 1775 1022 1856 arroganter
1074 1762 1200 1850 gaudis
1216 1763 1407 1848 subselliis,
1425 1767 1602 1836 verrenda
1614 1763 1734 1840 schola
1749 1795 1851 1842 more
1868 1774 1976 1860 servi,
1992 1801 2071 1848 non

25 1857 130 1955 {illita
157 1866 404 1951 considerate,
429 1879 565 1962 quanta
581 1893 661 1940 mea
682 1869 798 1938 oratio
815 1868 859 1936 de
874 1869 1020 1938 fortuna
1073 1862 1222 1955 ingenui
1243 1867 1488 1939 adolescentis.
1546 1869 1677 1941 Postea
1699 1870 1797 1942 virili
1823 1888 1938 1950 aetate
1960 1879 2071 1954 matri

22 1967 144 2056 ,uerior
172 1982 207 2040 et
231 1965 430 2043 humanior
450 1970 496 2042 sit
515 1996 626 2066 quam
648 1971 762 2043 istius.
819 1969 898 2062 Ego
921 1969 1020 2040 urbis
1073 1965 1234 2038 initianti
1260 1970 1372 2042 libros
1408 1970 1570 2062 legebas,
1616 1985 1653 2043 et
1680 1972 1751 2044 alia
1779 1975 1887 2050 simul
1918 2005 2072 2074 appara·
2144 2049 2147 2056 ,

20 2083 167 2161 ,austrae
188 2073 377 2145 fortunam
397 2073 533 2148 bonam
556 2099 631 2146 esse
656 2073 792 2157 sentio,
822 2084 919 2144 utet
940 2091 1020 2142 ura·
1071 2070 1156 2156 bas,
1207 2095 1287 2156 eos,
1337 2072 1400 2166 qui
1445 2073 1702 2160 initiabantur,
1754 2091 1865 2152 noctu
1903 2107 2073 2179 consper-

21 2172 103 2262 ,tula
121 2175 323 2260 affirmant,
354 2175 418 2248 sed
440 2200 539 2262 eam,
571 2201 665 2272 quae
687 2199 785 2250 nunc
807 2199 932 2247 omnes
954 2170 1019 2246 ho-

31 2274 137 2349 uiues
152 2279 353 2368 gubernat,
378 2301 521 2352 saevam
540 2303 626 2352 esse.
679 2279 771 2374 Quis
795 2278 892 2350 enim
907 2278 1019 2349 Grae-

20 2399 147 2468 1,torum
176 2395 241 2452 aut
261 2379 597 2466 barbarorumhoc
619 2397 781 2475 tempore
803 2405 880 2454 non
897 2380 1019 2453 multis

19 2483 203 2573 aerumnis
220 2483 430 2556 exercetur?
455 2484 541 2556 Fuit
553 2485 663 2577 igitur
676 2481 746 2557 hoc
766 2488 885 2557 bonae
905 2485 1020 2555 fortu-

19 2598 92 2677 ‚uae
106 2586 223 2671 urbis,
253 2589 352 2682 quod
364 2583 516 2660 honesta
534 2588 724 2680 elegimus,
758 2601 794 2658 et
812 2588 933 2659 minus
954 2587 1019 2656 du·

19 2743 21 2778 5
37 2683 110 2754 n'ter
126 2689 251 2761 afflicti
273 2715 396 2762 sumus
412 2715 522 2786 quam
538 2692 669 2762 caeteri
683 2691 833 2776 Graeci,
860 2691 924 2786 qui
946 2688 1019 2760 exi·

21 2788 213 2864 estimarunt
228 2817 268 2866 se
282 2793 388 2866 nobis
407 2794 555 2866 desertis
571 2794 768 2867 incolumes
782 2795 873 2866 sore.
909 2791 1017 2862 Tem-

33 2909 151 2980 porum
166 2911 290 2968 autem
308 2897 394 2982 fuit,
429 2910 466 2968 et
488 2898 563 2973 eius
584 2898 770 2982 fortunae,
805 2919 898 2992 quae
922 2918 1018 2964 nunc

32 2996 152 3082 passim
167 3013 315 3093 regnat,
344 3024 412 3070 nos
429 3025 574 3095 quoque
587 3025 656 3094 pro
669 3001 907 3094 proportione
920 3021 1017 3068 com-

30 3099 184 3171 munium
216 3103 464 3174 calamitatum
496 3103 612 3174 socios
635 3127 727 3188 esse,
764 3128 845 3173 cum
871 3114 1017 3172 eventus

20 3217 99 3274 ‚non
117 3203 251 3276 fuerint
270 3205 429 3280 secundi.
478 3205 530 3277 At
550 3206 693 3300 privata
712 3207 859 3277 fortuna
883 3205 923 3274 in
945 3203 1018 3276 sin-

18 3301 186 3388 ffiulotum
199 3308 353 3402 privatis
366 3309 519 3400 negotiis
536 3309 795 3382 consideranda
811 3321 874 3382 est.
912 3307 961 3378 At
974 3309 1018 3376 de

19 3401 166 3478 ¹fortuna
184 3412 332 3506 quidem
348 3435 414 3504 ego
429 3424 526 3484 recte
541 3426 578 3484 et
600 3413 690 3486 iuste
714 3408 805 3484 mihi
829 3413 880 3494 sic
900 3411 1018 3483 dicere

32 3503 161 3595 videor,
178 3527 212 3586 et
222 3528 340 3588 vestra
349 3514 481 3586 iudicia
488 3539 629 3588 meeum
638 3541 833 3608 congruere
841 3514 1017 3588 existimo.

126 3615 236 3709 Quod
250 3643 337 3690 vero
351 3617 410 3686 ille
425 3618 609 3688 fortunam
625 3643 745 3690 meam
761 3620 940 3711 privatam
962 3617 1018 3684 in-

32 3709 164 3790 firmam
180 3736 217 3792 et
231 3721 454 3814 languidam,
469 3719 648 3814 potiorem
658 3720 744 3792 facit
751 3717 906 3811 publicai,
924 3742 1017 3813 quae

31 3809 117 3888 bona
136 3836 170 3892 et
185 3847 316 3917 magna
332 3835 402 3908 est,
429 3824 623 3894 absurdum
642 3836 705 3896 est.
755 3821 828 3894 Sed
849 3822 881 3894 si
901 3822 1018 3891 omni-

32 3935 73 3984 110
85 3945 203 3996 meam
217 3929 404 4006 fortunam
420 3927 474 3998 vis
490 3925 736 4011 considerare,
751 3927 799 3994 ad
814 3937 914 3996 tuam
932 3949 1017 3994 con-

32 4017 133 4110 feras,
160 4043 194 4100 et
208 4031 239 4102 si
256 4030 416 4102 invenies
430 4029 617 4100 meliorem
640 4041 723 4112 tua,
752 4027 873 4100 desine
896 4028 1018 4100 convi-

32 4119 120 4198 ciari.
169 4133 261 4205 Peto
277 4145 417 4218 autem,
442 4156 487 4202 ne
503 4132 582 4226 quis
597 4155 655 4202 me
678 4144 870 4225 propterea
892 4131 1018 4200 levita·

33 4221 70 4293 lis
84 4248 243 4321 accuset,
268 4237 368 4330 quod
381 4234 419 4305 in
442 4232 537 4306 hanc
559 4235 941 4309 commemorationem
963 4233 1018 4302 in-

1072 2171 1173 2244 sione
1198 2174 1396 2260 lustrabas,
1430 2189 1466 2245 et
1492 2177 1569 2246 luto
1593 2191 1631 2247 et
1652 2180 1789 2250 furfure
1813 2187 1994 2275 tergebas,
2034 2201 2073 2260 et

1072 2299 1221 2368 surgens
1257 2301 1278 2346 a
1312 2279 1525 2350 lustratione
1564 2281 1718 2352 docuisti
1751 2307 1812 2355 eos
1852 2286 1987 2358 dictum
2027 2289 2071 2360 il-

1070 2377 1153 2449 lud:
1172 2379 1307 2472 ,Effugi
1332 2380 1485 2465 malum,
1525 2381 1650 2452 inveni
1681 2384 1828 2467 melium
1870 2399 1906 2456 et
1935 2390 2068 2483 gloria-

1072 2480 1169 2552 baris
1198 2483 1382 2554 neminem
1411 2484 1540 2556 clarius
1568 2485 1734 2558 ululasse.
1797 2483 1910 2584 quue
1947 2497 2068 2582 credo,

1072 2583 1159 2679 quia
1192 2599 1471 2660 consentaneum
1502 2600 1555 2660 est
1592 2588 1699 2660 fnisse
1736 2588 1776 2658 in
1809 2590 1896 2663 ludo
1936 2620 2069 2670 sonum

1071 2711 1148 2758 non
1173 2691 1293 2762 minus
1322 2690 1569 2784 splendidum,
1611 2715 1721 2786 quam
1751 2716 1849 2764 nunc
1879 2700 1992 2770 estin
2014 2701 2069 2771 di-

1072 2793 1199 2882 cendo.
1250 2791 1412 2864 Interdiu
1435 2806 1555 2864 autem
1573 2795 1728 2866 ducebas
1749 2791 1879 2869 choros
1900 2824 1966 2891 per
1989 2802 2068 2876 vias

1070 2895 1231 2987 publicas
1246 2909 1438 2967 coronatus
1452 2896 1631 2967 foeniculo
1643 2909 1678 2966 et
1684 2899 1850 2991 populeis
1865 2902 2067 2992 frondibus,

1071 3011 1107 3068 et
1120 3012 1306 3093 serpentes
1319 2998 1512 3070 collidebas
1531 2998 1668 3070 levatos
1691 3024 1800 3093 supra
1823 3018 1948 3095 caput,
1974 3007 2066 3079 Bac-

1071 3096 1178 3174 chum
1194 3103 1366 3172 invocans
1383 3114 1418 3170 et
1431 3101 1578 3186 saltans,
1604 3125 1685 3172 cum
1705 3103 1850 3198 quidem
1860 3109 2066 3182 teaniculae

1070 3208 1302 3278 nominarent
1316 3216 1351 3274 et
1363 3199 1518 3275 hederae
1541 3217 1577 3274 et
1600 3228 1805 3276 vannorum
1819 3206 1885 3306 ⁴¹²)
1910 3225 2066 3306 gestato·

1069 3335 1167 3396 rem,
1194 3323 1230 3380 et
1244 3307 1444 3378 mercedem
1459 3309 1587 3378 darent
1601 3307 1783 3399 placentas
1799 3323 1834 3380 et
1846 3312 1931 3386 liba.
1974 3316 2067 3386 Pro-

1069 3426 1150 3506 pter
1165 3438 1221 3486 res
1236 3425 1372 3495 tantas,
1406 3412 1486 3505 quis
1501 3435 1577 3482 non
1602 3411 1736 3482 diceret
1760 3413 1944 3488 fortunam
1966 3431 2068 3490 tuam

1069 3516 1177 3588 fuisse
1194 3512 1385 3586 eximiam?
1420 3513 1619 3608 Postquam
1641 3539 1728 3584 vero
1751 3515 1943 3608 inscriptus
1965 3544 2003 3591 es
2026 3523 2067 3591 in
2109 3559 2118 3600 γ

1071 3620 1168 3690 tribu
1188 3630 1270 3701 tua,
1308 3639 1349 3684 ac
1371 3614 1500 3685 omitto
1532 3618 1736 3708 quomodo,
1778 3617 1899 3688 statim
1929 3620 2068 3716 elegisti

1070 3745 1202 3792 munus
1216 3717 1432 3811 gloriosum,
1458 3729 1500 3786 ut
1518 3717 1670 3788 servires
1692 3717 1825 3790 infimis
1849 3722 2067 3814 magistrati-

1069 3824 1136 3894 bus
1166 3823 1205 3892 in
1233 3818 1480 3894 describendo.
1539 3817 1605 3890 His
1637 3821 1755 3912 operis
1784 3822 1916 3896 relictis
1940 3840 2066 3920 postea

1072 3926 1215 4010 omnia,
1256 3946 1348 4018 quae
1371 3926 1409 3992 in
1432 3921 1512 3993 aliis
1536 3945 1698 4008 accusas,
1735 3926 1850 3997 fecisti
1869 3928 1964 4022 ipse,
1998 3956 2065 4002 nec

1070 4027 1296 4119 discrepabat
1315 4024 1388 4095 vita
1410 4049 1563 4121 sequens
1586 4051 1605 4096 a
1627 4027 1754 4120 priori.
1815 4027 1960 4102 Locasti
1981 4058 2067 4125 ope·

1070 4155 1149 4202 ram
1162 4127 1419 4213 histrionibus,
1445 4129 1509 4224 qui
1524 4128 1760 4201 nominantur
1772 4133 1873 4202 rauci
1887 4135 1946 4204 vel
1961 4159 2068 4227 gran·

1070 4235 1208 4319 disoni,
1248 4246 1284 4303 et
1304 4232 1428 4302 tertias
1451 4245 1571 4323 partes
1594 4233 1811 4319 sustinuisti,
1850 4237 1945 4307 unde
1967 4239 2067 4325 ficus,

33 4331 179 4412 gredior.
230 4337 308 4430 Ego
323 4341 421 4408 enim
438 4339 596 4412 insanire
611 4338 774 4411 existimo
792 4361 938 4422 omnes,
954 4335 1019 4431 qui
1069 4341 1196 4410 botros
1209 4350 1244 4406 et
1260 4333 1373 4410 olivas
1389 4334 1599 4427 colligebas,
1624 4337 1715 4410 sicut
1731 4361 1847 4432 caupo
1876 4362 1919 4410 ex
1940 4341 2067 4414 alienis

33 4431 83 4499 vel
96 4437 174 4512 aliis
189 4455 441 4536 paupertatem
455 4455 629 4536 tanquam
643 4443 819 4535 probrum
831 4440 1018 4524 obiiciunt,
1069 4440 1210 4523 findis,
1251 4451 1288 4510 et
1312 4437 1418 4529 plura
1450 4439 1648 4532 accipiebas
1678 4442 1847 4532 vulnera,
1889 4467 1999 4539 mam
2027 4445 2068 4516 in

33 4532 82 4600 Vel
98 4540 300 4628 gloriantur
313 4569 350 4616 se
373 4545 413 4615 in
437 4544 576 4637 magnis
599 4546 729 4638 opibus
750 4543 907 4616 nutritos
931 4567 1017 4616 esse.
1070 4544 1217 4638 proeliis
1238 4540 1409 4627 civitatis,
1445 4540 1484 4610 in
1511 4543 1640 4635 quibus
1661 4568 1725 4616 vos
1748 4546 1793 4615 de
1817 4545 1891 4616 vita
1918 4547 2067 4622 dimica-

31 4626 93 4706 Sed
109 4637 215 4722 huius
230 4648 396 4722 maledici
410 4661 446 4719 et
460 4647 730 4721 calumniatoris
745 4647 944 4742 petulantia
960 4671 1019 4716 co·
1070 4649 1145 4724 stis.
1204 4643 1297 4716 Erat
1317 4645 1413 4714 enirn
1436 4657 1651 4738 perpetuum
1671 4646 1805 4718 bellum
1829 4643 2066 4726 histrionibus

33 4733 148 4822 gitme
174 4751 291 4824 dicere
312 4747 381 4822 hac
404 4753 449 4822 de
471 4778 530 4836 re,
562 4753 669 4847 ¹quod
689 4751 856 4847 quidem,
888 4762 929 4822 ut
948 4751 1019 4820 sert
1071 4775 1152 4822 cum
1172 4747 1453 4844 spectatoribus,
1479 4749 1541 4818 ubi
1556 4773 1637 4820 cum
1661 4751 1774 4820 multa
1796 4751 1947 4824 vulnera
1968 4779 2067 4827 acce·

32 4857 191 4926 Praesens
216 4855 388 4942 materia,
420 4880 501 4926 cum
523 4855 697 4932 modestia
723 4855 866 4926 faciam.
924 4848 1019 4922 Mihi
1070 4853 1187 4950 peris,
1217 4874 1293 4922 non
1313 4850 1447 4924 mirum
1468 4863 1524 4922 est
1546 4864 1581 4923 te
1603 4851 1694 4924 alios
1716 4852 1852 4928 alienos
1882 4879 1903 4926 a
1935 4859 2066 4932 talibus

32 4951 173 5056 οξΠΙῐίεἰῐ
186 4955 379 5032 Aeschines
394 4951 542 5032 honeste
561 4957 706 5030 inludis
727 4955 913 5029 litterariis
937 4981 1018 5029 eru-
1070 4953 1199 5054 pugnis
1215 4977 1381 5026 accusare
1395 4953 1608 5028 timiditatis.
1658 4955 1729 5028 Sed
1746 4959 1874 5029 omitto
1891 4981 1954 5046 ea,
1978 4983 2069 5057 quo-

32 5037 141 5125 briss
154 5053 287 5137 habere
302 5061 487 5146 facultates
501 5074 639 5146 tantas,
664 5073 705 5132 ut
727 5061 891 5152 egestatis
913 5083 1018 5132 causa
1070 5087 1153 5133 rum
1183 5081 1288 5130 causa
1313 5057 1352 5128 in
1375 5069 1625 5151 paupertatem
1648 5061 1809 5131 converti
1830 5074 1970 5153 potest,
2007 5084 2067 5132 ac·

31 5141 115 5222 ¹¹ihil
138 5167 290 5258 turpiter
312 5166 515 5237 laciendum
538 5176 640 5236 esset.
698 5163 839 5235 Deinde
860 5185 1019 5254 egressus
1072 5167 1159 5236 cedo
1173 5161 1323 5256 propius
1337 5163 1384 5232 ad
1407 5185 1550 5233 morum
1569 5164 1846 5236 accusationem.
1898 5161 2006 5235 Tales
2027 5165 2068 5235 in

34 5263 71 5316 ⁰¹
93 5269 247 5348 pueritia
270 5270 361 5354 vixi,
395 5280 437 5343 nt
460 5267 697 5350 conveniebat
723 5280 818 5338 recte
841 5265 1018 5350 instituto,

30 5361 174 5438 praebui
200 5387 376 5468 sumptus¹
391 5373 438 5447 ad
468 5370 673 5464 spectacula¹
698 5383 734 5442 et
757 5373 803 5462 ad
825 5369 1017 5443 armandas
1106 5381 1428 5446 41⁸)vamorun11c
1450 5381 1691 5539 tgtFtnnuun.
1730 5453 1733 5460 ι
