4582 5798
139 5143 143 5149 '
188 5172 193 5180 =
258 5137 491 5234 punientibus
514 5129 847 5226 nostrostinimicos
875 5125 1135 5220 impedimento
1159 5126 1256 5212 estis,

239 149 340 230 coer
521 163 527 224 ;
814 135 939 213 auu..
970 133 1084 212 uun
1121 133 1327 234 soture
1357 133 1698 214 morenos.
1921 196 1926 206 .
2150 144 2210 222 us

240 327 427 410 iuvemus,
448 319 512 392 sed
523 329 565 389 nt
581 314 741 386 debitum
755 311 966 384 beneficium
982 310 1088 383 nohis
1108 312 1238 388 redda-
1289 305 1504 404 prohibere,
1545 333 1591 382 ne
1619 313 1666 381 ad
1684 310 1882 406 Corcyram
1903 325 1966 384 ant
1986 311 2073 398 sh‘e,
2106 341 2161 409 qm
2176 343 2216 390 vo.

240 428 297 504 tis}
366 423 459 498 Nam
491 446 570 492 curn
596 421 765 488 adversus
784 413 976 507 Aeginetae
997 426 1081 486 ante
1102 415 1238 486 bellurn
1289 414 1428 501 lumus,
1454 414 1682 508 navigemus,
1708 414 1836 486 solvite
1855 415 1998 500 foedus,
2023 429 2057 486 et
2073 419 2218 512 nohiepri-

240 531 435 606 Medorum
466 527 627 596 deessent
656 520 757 590 vohis
780 519 908 610 longae
932 541 1041 589 naves
1064 543 1084 587 a
1110 517 1239 590 Corin·
1290 541 1390 588 nrum
1407 515 1519 609 captis
1536 515 1679 588 utimini
1701 530 1875 612 tanquam
1890 513 2059 590 hostibus.
2108 517 2218 594 lllitslis

242 630 328 710 thiis
343 629 471 723 viginti
486 624 684 720 accepistis:
723 618 794 693 hoc
807 620 1020 692 heneficium
1033 633 1070 692 et
1084 620 1237 692 alterum
1289 618 1469 704 dixerunt,
1496 633 1612 693 castre
1627 644 1713 691 vero
1723 619 2020 716 Corcyraeorum,
2043 638 2154 717 quanta
2167 650 2219 717 pm

242 739 287 812 de
306 734 454 818 Samiis,
493 753 574 802 cum
598 725 872 820 impedivimus,
911 747 958 794 ue
982 721 1239 816 Peloponnesii
1291 721 1571 816 audirepotuit,
1595 723 1763 795 clamavit
1783 724 1924 810 statim,
1956 739 1997 796 ut
2016 741 2220 818 capacensem

243 865 305 918 eos
319 838 569 915 defenderent,
595 831 645 901 ita
660 829 798 924 proluit
811 825 934 912 vobis,
958 838 1000 896 ut
1021 839 1057 898 et
1079 825 1238 896 vincere·
1291 826 1550 900 occiderentur.
1625 821 1862 900 Athenienses
1895 852 1982 898 vero
2014 829 2093 898 talia
2121 853 2222 924 respue

243 943 289 1014 tis
302 939 512 1034 Aeginetae,
543 947 579 1006 et
593 933 734 1006 Samios
758 943 877 1003 vestro
899 929 1050 1000 arbitrio
1072 923 1238 1000 coherce-
1291 929 1438 999 derunt:

241 1045 341 1118 retis.
392 1041 490 1115 Haec
503 1038 650 1110 fecimus
664 1034 728 1155 tali
744 1047 861 1107 vestro
877 1045 1058 1148 tempore,
1084 1056 1157 1128 quo
1172 1027 1238 1102 ho-
1472 1045 1638 1119 01-3150
1669 1043 1757 1120 App,
1768 1049 2026 1122 ,niensium
2039 1048 2094 1148 ss)

241 1149 358 1222 mines
378 1157 518 1216 tantum
549 1139 738 1211 victoriam
769 1148 918 1220 curant,
958 1149 1097 1206 caetera
1127 1133 1239 1226 negli·
1394 1163 1519 1260 Neque
1550 1165 1741 1259 incipimus
1768 1167 1925 1254 benum,
1965 1193 1987 1240 ο
2017 1167 2223 1262 Peloponnesii,

243 1265 365 1368 gunt,
378 1261 415 1320 et
430 1246 586 1367 amicum
602 1243 745 1366 dieunt,
771 1239 835 1335 qui
855 1237 979 1357 iuvat,
1009 1238 1151 1310 etiamsi
1175 1260 1240 1308 an·
1291 1291 1409 1362 neque
1426 1269 1758 1356 solvimmsoedm,
1783 1275 1845 1344 sed
1864 1271 2028 1344 venimus
2048 1272 2226 1343 auxilinm·

241 1367 299 1473 ²⁰?
315 1355 383 1472 f¹¹¹f
398 1347 531 1432 h⁰³¹¹⁸’
557 1358 593 1465 ft
607 1367 811 1463 ¹¹²¹¹‚¹¹¹⁰¹¹¹¹¹²
835 1365 997 1460 ‘mim‘
1009 1342 1240 1460 ,adv‘3mffl3
1293 1371 1449 1466 cyraeis,
1474 1373 1606 1445 nostris
1622 1373 1739 1447 sociis.
1790 1377 1828 1446 Si
1844 1377 1966 1472 aliquo
1982 1375 2085 1446 vultis
2097 1375 2226 1467 navigare,

242 1470 383 1578 fuffmff
400 1467 504 1574 “Pte‘'
520 1453 588 1522 fun
603 1471 758 1568 amfcm’
791 1457 826 1516 et
844 1456 1042 1564 penum?
1060 1457 1241 1538 ΡΜεκηυ
1293 1499 1369 1562 uon
1396 1471 1640 1568 prohibemus.
1706 1477 1745 1549 Si
1774 1493 1893 1550 autem
1920 1477 2126 1572 navigabitis
2149 1503 2227 1547 versus

243 1571 383 1634 mertatr
398 1569 507 1630 etrarn
521 1556 715 1625 domestica
730 1549 920 1623 commoda
934 1547 1131 1642 negligunt.
1294 1579 1510 1674 Corcyram,
1535 1594 1599 1652 aut
1613 1581 1652 1650 in
1668 1581 1816 1678 aliquod
1840 1583 2015 1676 oppidum
2037 1581 2188 1677 ipsorum,
2208 1577 2229 1647 id

349 1661 448 1732 llaec
463 1658 623 1779 cogitare
637 1681 700 1728 vos
716 1656 849 1772 decet,
869 1677 962 1772 quae
986 1666 1021 1724 et
1039 1676 1140 1774 senes
1166 1675 1241 1722 me·
1293 1705 1370 1754 non
1382 1683 1620 1777 negligemus,
1647 1698 1822 1784 quantum
1841 1710 2043 1782 possumus.

246 1767 450 1848 miserunt,
491 1775 527 1835 et
547 1784 708 1834 rumores
729 1783 751 1830 a
774 1758 976 1830 senioribus
998 1759 1167 1842 audeaut,
1200 1769 1243 1826 ut

246 1871 352 1947 istam
368 1868 474 1943 nobis
495 1865 649 1960 gratiam
674 1861 848 1935 referatis.
907 1858 983 1932 Nec
1004 1859 1053 1930 ita
1076 1860 1242 1952 cogitate,
1479 1835 1645 1909 Οῑθῑῖθ
1673 1835 2025 1912 Corinthiorum
2041 1837 2097 1935 ¹¹).

244 1999 312 2046 nos
325 1975 471 2070 quidem
490 1970 581 2044 iusta
598 1971 736 2052 dicere,
760 1967 828 2040 'sed
849 1962 880 2034 si
901 1963 1145 2049 cerebellum,
1171 1963 1242 2034 ³15³
1398 1973 1490 2046 Cum
1505 1999 1570 2048 vos
1585 1977 1662 2048 sine
1675 1977 1876 2071 suspicione
1893 1979 1988 2050 inter
2006 2000 2070 2048 vos
2092 1971 2193 2044 vivatis
2207 1993 2231 2040 er

244 2079 323 2148 lore
344 2077 459 2150 utilia.
517 2075 611 2149 Nam
633 2071 769 2146 utilitas
792 2066 986 2164 praecipua
1011 2080 1064 2138 est
1088 2092 1162 2138 non
1188 2067 1242 2138 iu·
1296 2078 1423 2150 vestris
1446 2079 1626 2166 moribus,
1663 2081 1754 2152 alios
1784 2083 2003 2166 aestimatis,
2043 2103 2106 2151 nec
2127 2075 2231 2152 crediti,

246 2181 338 2254 iuste
359 2183 487 2252 facere.
537 2178 586 2251 Et
597 2199 819 2274 quamquam
834 2171 919 2244 belli
935 2185 1033 2242 melu
1050 2165 1242 2242 hortantur
1296 2203 1378 2252 curu
1400 2181 1491 2253 alios
1511 2195 1650 2256 struere
1673 2183 1822 2258 insidias
1843 2185 2013 2256 dicimus:
2048 2185 2180 2275 ideoque
2195 2176 2233 2246 eui

247 2307 311 2357 vos
342 2281 554 2378 Corcyraei,
593 2293 634 2352 ut
658 2281 788 2351 iniuste
814 2275 972 2361 faciatis,
1012 2289 1134 2348 tamen
1165 2274 1243 2346 fieri
1295 2284 1493 2356 modestiae
1506 2285 1651 2356 laudem
1668 2283 1827 2372 habetis,
1860 2301 1984 2358 tamen
2000 2284 2233 2379 negligentiave

246 2401 384 2482 potest,
418 2401 460 2458 ut
479 2386 518 2456 id
539 2384 673 2456 bellum
696 2407 772 2452 non
794 2393 994 2452 moveatur.
1058 2380 1133 2453 Nec
1155 2403 1242 2450 vero
1295 2400 1368 2458 stra
1379 2390 1467 2460 foris
1476 2389 1512 2457 in
1522 2389 2047 2482 multisnegotiisnocetsoeiis.
2087 2389 2164 2460 Cum
2175 2382 2234 2453 erin

247 2491 396 2586 dignum
421 2502 474 2562 est
495 2489 618 2572 vobis,
656 2487 863 2556 manifestas
886 2483 1094 2554 inimicitias
1116 2497 1241 2554 contre
1295 2515 1401 2585 saepe
1421 2491 1723 2586 praedixerimus,
1748 2489 1986 2566 Athenienses
2006 2493 2108 2564 nohis
2125 2489 2234 2558 illaturos

247 2621 315 2671 nos
329 2595 507 2690 suscipere
521 2591 658 2668 incerto
680 2602 779 2661 metu
799 2587 967 2659 incitatis.
1027 2585 1122 2658 Nam
1146 2587 1244 2682 quod
1297 2621 1371 2666 esse
1394 2597 1552 2681 bellum,
1581 2591 1675 2667 hanc
1696 2608 1857 2668 nostram
1878 2587 2185 2691 praemonitionem
2199 2593 2261 2656 ιιιιῖ

249 2702 404 2796 suspicio
425 2713 496 2788 est,
522 2723 589 2771 uos
603 2709 753 2791 propter
767 2693 995 2786 Megarenses
1011 2691 1113 2762 vobis
1127 2689 1245 2775 irasci,
1297 2699 1473 2791 glexistis‚
1500 2723 1541 2770 ae
1557 2701 1670 2792 tnagis
1686 2701 1854 2793 suspicati
1870 2701 1953 2773 estis
1974 2723 2043 2771 nos
2063 2695 2143 2768 haec
2160 2693 2235 2762 dietat

249 2805 340 2878 haec
370 2804 492 2900 potius
521 2803 745 2874 extenuanda
774 2811 837 2870 est.
902 2796 997 2869 Nam
1020 2806 1243 2887 postremum
1298 2815 1448 2896 propter
1462 2803 1623 2896 privatas
1639 2803 1848 2877 simultates.
1897 2803 2005 2877 Nunc
2020 2803 2124 2895 igitur
2135 2819 2193 2868 non
2202 2815 2239 2861 au

249 2909 462 2982 beneficium
493 2919 697 3000 opportune
724 2902 911 2984 collatums
954 2896 1096 2968 etiamsi
1127 2897 1247 2968 minus
1299 2921 1445 3001 tequam
1460 2907 1548 2978 laesi
1562 2907 1695 2992 simus,
1726 2909 1789 2978 sed
1817 2919 1962 3000 accepto
1988 2907 2063 2977 iam
2085 2907 2193 2974 damno
2207 2917 2238 2965 so
2261 2878 2262 2966 l

251 3015 317 3098 sit,
357 3026 480 3084 tamen
497 3011 642 3083 abolere
665 3007 825 3100 priorem
855 3001 1092 3073 offensionem
1117 3014 1246 3094 potest.
1299 3009 1372 3082 cios
1388 3011 1631 3095 convocastis,
1657 3012 1755 3103 apud
1770 3033 1862 3105 quos
1875 3011 1984 3082 siml
1998 3023 2035 3080 et
2048 3001 2239 3080 deluentes

251 3115 328 3189 Nec
344 3113 566 3186 moveamini
581 3107 638 3182 his
653 3109 858 3202 promissis,
886 3107 984 3202 quod
1008 3104 1168 3198 ipsorum
1191 3127 1247 3174 so·
1299 3113 1396 3186 sibus
1411 3125 1446 3184 et
1459 3115 1504 3184 de
1521 3113 1812 3208 vohiseonqueri
1827 3125 2055 3206 poteramus,
2081 3109 2155 3208 quia
2171 3093 2239 3174 etll'

254 3217 363 3288 cistas
377 3239 546 3308 magnam
562 3213 801 3286 accessionem
815 3211 970 3280 advises
984 3222 1120 3280 vestras
1135 3210 1248 3279 factu·
1299 3239 1368 3288 nos
1381 3218 1532 3310 superbe
1547 3216 1680 3287 iniuria
1703 3217 1881 3301 afficiunt,
1915 3229 1950 3286 et
1970 3241 1994 3286 a
2015 3216 2114 3287 vobis
2134 3233 2191 3280 non
2206 3206 2241 3272 de·

253 3319 374 3390 rasit.
425 3317 584 3388 Firmior
605 3317 700 3387 enim
723 3326 777 3385 est
796 3313 979 3408 potentia,
1013 3335 1090 3381 non
1115 3311 1247 3380 iniuria
1299 3319 1390 3392 lensi
1406 3344 1540 3391 sumus.
1572 3315 1644 3388 -Ac
1666 3319 1698 3390 si
1721 3321 1912 3391 obscurum
1938 3333 2051 3404 esset,
2085 3305 2239 3413 quusmir

255 3423 394 3494 efficere
409 3421 594 3516 aequales,
622 3441 731 3514 qnam
748 3414 931 3510 praesenti
955 3415 1148 3484 commodo
1171 3437 1249 3482 mo-
1301 3421 1453 3494 Graecia
1480 3423 1570 3494 alios
1595 3421 1800 3514 opprimere
1828 3435 2068 3507 conarentur,
2105 3431 2241 3509 exponett

255 3537 313 3596 tos
336 3521 516 3595 attrahere
537 3523 717 3617 pericula,
749 3516 888 3590 etiamsi
914 3515 1008 3587 vires
1038 3528 1248 3608 augeantur.
1302 3549 1382 3596 mus
1402 3549 1479 3595 rem
1503 3525 1599 3618 apud
1616 3525 1833 3616 ignorantes,
1885 3525 1992 3599 Nunc
2007 3549 2093 3596 vero
2107 3519 2241 3617 qnidopu

253 3628 331 3702 Nos
347 3628 456 3721 igitur
471 3628 543 3698 iam
562 3627 601 3695 in
617 3627 767 3696 adversa
784 3625 930 3694 fortuna
947 3632 1087 3690 tantum
1102 3617 1171 3690 hoc
1189 3643 1250 3713 pc·
1304 3641 1357 3701 est
1372 3629 1480 3720 longa
1497 3627 1685 3698 oratioue?
1717 3653 1799 3698 cum
1818 3629 1973 3701 cernatis
1988 3630 2079 3699 alios
2095 3626 2130 3694 in
2142 3616 2241 3692 serviit

255 3732 401 3816 timus,
424 3731 516 3802 sicut
538 3729 642 3800 vohis
667 3726 854 3818 suffragati
881 3723 1037 3808 luimus,
1077 3736 1119 3793 ut
1145 3723 1253 3792 liceat
1302 3721 1558 3804 tem'redactos
1575 3754 1669 3816 ως,
1696 3731 1775 3803 aliie
1795 3731 2078 3822 ,truilineidias²
2103 3720 2241 3819 etquidem

255 3833 469 3906 unicuilibet
483 3831 552 3903 sibi
567 3832 754 3902 adiunctos
770 3853 836 3921 per
858 3851 932 3899 sese
952 3825 1094 3918 punire.
1151 3822 1251 3896 Ideru
1303 3835 1436 3906 nostrie
1458 3835 1584 3920 sociis,
1614 3846 1651 3904 et
1665 3833 1762 3926 ipsos
1776 3831 2014 3908 Athenienses
2033 3851 2183 3923 magnum
2200 3815 2242 3887 btl

255 3936 362 4011 nohis
376 3935 449 4005 iam
465 3935 612 4006 concedi
627 3934 794 4026 petimus.
845 3929 1008 4024 Cumque
1033 3940 1157 3999 nostro
1180 3929 1251 4000 sul·
1302 3937 1379 4008 lum
1394 3961 1535 4030 parare.
1585 3935 1670 4009 Non
1685 3937 1780 4009 enim
1797 3937 1992 4033 Corcyram
2008 3928 2242 4030 praeripuissenl

255 4039 373 4132 fregio
388 4036 502 4108 adiuti
515 4037 610 4121 sitis,
634 4060 731 4107 nunc
753 4045 872 4104 vestro
891 4056 967 4101 non
989 4031 1158 4115 laedatis,
1190 4031 1251 4102 sed
1304 4065 1371 4111 nec
1390 4041 1603 4112 Potidaeam
1634 4053 1906 4134 oppugnarent,
1942 4063 2097 4137 quarum
2118 4035 2204 4103 altera
2218 4017 2243 4088 ad

256 4143 395 4214 reddite
410 4165 535 4235 parem
551 4142 724 4234 gratiam,
750 4159 949 4220 memora,
974 4128 1044 4205 lloc
1059 4133 1149 4205 illud
1163 4147 1253 4204 lem·
1305 4141 1502 4214 Thraciam
1534 4145 1735 4214 vexandam
1766 4157 1971 4238 opportuna
2000 4156 2072 4226 est,
2108 4119 2242 4209 altered

256 4271 326 4340 pus
339 4269 434 4331 esse,
460 4268 533 4339 quo
556 4244 758 4336 gratificans
779 4239 923 4310 ducitur
944 4237 1100 4322 amicus,
1133 4249 1169 4306 et
1191 4239 1254 4306 ad·
1307 4249 1452 4320 clamen
1475 4246 1671 4340 plurimum
1696 4246 1803 4318 valer.

256 4372 405 4422 versans
419 4349 563 4420 ducitur
575 4340 709 4433 hostis,
733 4356 770 4414 et
782 4341 888 4412 uobis
903 4339 1024 4411 invitis
1045 4363 1120 4408 non
1143 4340 1255 4409 lacia-
1409 4347 1536 4422 Vestra
1564 4362 1683 4419 autem
1706 4344 1796 4421 haec
1819 4348 1924 4443 culpa
1947 4361 2019 4434 est,
2055 4345 2133 4442 quia
2152 4350 2180 4408 ²¹
2195 4335 2241 4424 9⁰⁵¹

257 4449 305 4522 tis
319 4453 525 4522 societatem
544 4473 625 4520 cum
642 4445 871 4542 Corcyraeis,
896 4467 1014 4538 neque
1035 4467 1141 4536 opem
1162 4443 1255 4513 sera·
1306 4451 1441 4524 bellum
1457 4477 1539 4524 cum
1553 4451 1667 4522 xme
1687 4452 1784 4545 pffli
1808 4453 1890 4525 effi,
1914 4475 1976 4524 003
1996 4451 2118 4522 urbem
2138 4434 2242 4512 munire,

257 4553 304 4624 tis
319 4553 450 4626 iniuste
467 4552 667 4645 agentibus.
718 4551 797 4622 Hoc
818 4561 854 4620 et
876 4542 1067 4618 honestum
1084 4558 1130 4642 ⁸et
1152 4545 1255 4617 vohis
1308 4555 1437 4626 deinde
1459 4579 1547 4626 vero
1578 4554 1726 4647 longum
1756 4579 1900 4627 murum
1932 4567 2103 4625 exemere,
2158 4543 2241 4613 Poste²

257 4655 414 4730 salutare
428 4656 510 4730 erit.
1308 4683 1395 4730 vero
1410 4657 1613 4751 neglexistis
1628 4682 1709 4744 eos,
1733 4659 1851 4754 quiin
1868 4658 2075 4731 servitutem
2090 4643 2241 4737 redigebat

406 4805 572 4880 Oratio
598 4797 1110 4900 Peloponnesiorum').
1308 4773 1389 4847 Μ’
1415 4759 1824 4855 fflm3P⁸⁰²⁰m⁸⁰d⁰⁸s
1849 4773 1925 4832 lum
1941 4773 2093 4832 nostros·
2121 4752 2240 4825 Neeveu

358 4925 493 5002 Iniuste
507 4927 644 5012 facitis,
670 4951 693 4998 o
714 4923 785 4996 viri
798 4917 1052 5006 Athenienses,
1079 4920 1179 5016 quod
1200 4921 1255 4994 iu·
1307 4967 1395 5053 mit,
1429 4969 1492 5040 ⁸ed
1514 4966 1622 5038 etiam
1650 4967 1733 5066 qui,
1771 4992 1853 5040 cum
1878 4967 2012 5062 pouit,
2047 4985 2117 5036 non
2136 4941 2223 5026 defend

258 5031 377 5133 cipitis
403 5033 561 5116 hellum,
600 5041 636 5100 et
659 5026 796 5102 solvitis
818 5025 956 5096 foedus.
1019 5021 1135 5095 Nobis
1157 5047 1254 5094 enrm
1308 5069 1444 5155 socios,
1469 5095 1550 5141 cum
1566 5065 1663 5142 hunc
1677 5071 1921 5166 principatum
1935 5082 2051 5154 tenet,
2073 5057 2240 5138 numm

1309 4866 1425 4938 solum
1443 4887 1548 4936 causa
1572 4877 1625 4938 est
1644 4864 1846 4950 servitutis,
1880 4865 1944 4962 qui
1969 4863 2043 4957 ipse
2065 4857 2145 4930 alios
2163 4835 2240 5002 01)Ρῖ

1306 5227 1514 5247 ”un-

1343 5311 1393 5372 te)
1409 5309 1533 5374 stessi.
1552 5309 1577 5378 l,
1593 5309 1640 5362 Β.

293 5405 329 5465 e)
344 5405 466 5468 stupa,
483 5403 507 5472 ι,
523 5402 568 5456 ω,
1285 5429 1286 5432 =
1345 5399 1393 5458 tt)
1410 5395 1534 5460 {lecyti
1551 5395 1575 5464 l,
1591 5396 1719 5453 68-71.

260 5264 340 5311 cum
357 5263 458 5310 arma
473 5251 598 5310 contra
618 5260 685 5307 nos
699 5231 834 5304 ieratis.
892 5229 930 5301 si
955 5228 1057 5300 vobis
1078 5254 1180 5302 mens
1203 5243 1256 5301 est
