4608 5792
48 189 108 262 stt
269 179 410 256 XXXV.
446 175 850 254 INTERPRETATIO
877 175 1140 254 onanottls
1165 177 1514 255 DEMOSTHENIS
1539 179 1606 252 DE
1635 181 1845 256 CORONA.
2007 183 2085 262 862

49 360 125 430 tiam
149 354 188 422 in
213 354 379 426 omnibus
400 353 582 448 praestiti,
618 364 768 448 propter
788 348 878 422 baec
899 377 957 423 me
980 350 1034 423 di·
1085 351 1180 422 inter
1193 351 1387 444 primarios
1403 353 1500 426 viros
1518 367 1590 440 est,
1616 353 1724 450 idque
1739 355 1830 426 iuste
1847 354 1881 425 ei
1895 354 2084 436 tribunum

48 483 145 556 gnum
161 453 302 528 bonore
320 480 395 529 esse
411 470 514 550 puto.
746 491 749 496 ⁴
1085 456 1147 526 sed
1180 478 1262 524 cum
1295 481 1371 527 non
1403 461 1597 550 respondet
1631 461 1797 540 eventus,
1838 470 1960 528 tamen
1986 459 2084 528 bona

51 623 57 630 .
137 559 238 631 Hanc
269 583 355 630 vero
386 559 484 632 muri
514 571 549 628 et
575 562 692 630 fossae
719 556 1033 641 instaurationem,
1086 556 1302 627 existimatio
1320 560 1458 655 reliqua
1475 574 1546 647 est,
1581 575 1616 631 et
1638 562 1737 652 quod
1760 559 1913 633 civitatis
1936 560 2085 632 consilia

48 687 143 760 quam
168 663 328 747 derides,
367 665 433 735 etsi
458 661 604 756 dignam
631 661 848 753 gratitudine
870 673 905 730 et
927 661 1033 730 lande
1086 659 1224 751 culpari
1244 684 1319 730 non
1344 677 1512 754 possunt,
1547 666 1609 734 sed
1628 663 1772 734 fortuna
1797 665 1994 734 accusanda
2022 676 2085 748 est,

47 791 111 838 esse
134 767 241 836 duco:
280 779 402 835 tamen
434 765 504 834 alia
526 789 607 834 mea
632 753 780 834 codsilia
806 764 912 854 longe
935 775 1034 832 ante·
1086 787 1180 856 quae
1200 763 1309 834 talem
1335 765 1466 836 exitum
1489 764 1667 859 praebuit.
1732 767 1971 860 Nequaquam
1997 789 2084 838 vero

46 871 180 939 ferenda
198 880 292 940 sunt.
345 869 429 940 Non
448 867 544 938 enim
568 868 748 959 lapidibus
775 880 838 936 aut
861 866 1033 936 lateribus
1084 860 1173 934 haec
1189 867 1337 949 decent,
1364 893 1444 938 cum
1461 870 1679 961 reipublicae
1694 871 1883 941 consilium
1908 870 1996 937 dare
2019 893 2086 939 no-

45 964 160 1043 urbem
181 970 342 1054 munivi,
369 973 430 1042 sed
453 971 601 1042 consilia
626 970 718 1040 duco
742 993 816 1040 esse
839 968 1031 1061 praecipua
1084 968 1194 1038 lucris
1210 981 1245 1037 et
1263 982 1297 1039 te
1312 966 1475 1042 hostibus
1489 972 1683 1056 locaveris,
1710 985 1854 1065 captare
1870 972 2007 1042 interea
2027 994 2085 1041 oc-

45 1097 202 1144 meorum
229 1097 392 1166 operum.
450 1075 504 1144 Ac
532 1074 562 1144 si
592 1071 646 1144 vis
679 1095 762 1142 vere
791 1072 1033 1155 considerare,
1086 1071 1245 1140 rasiones
1276 1072 1348 1143 illis
1378 1075 1612 1166 opportunis,
1652 1098 1728 1144 non
1755 1075 1914 1167 patriae;
1958 1087 2085 1158 contra

45 1177 165 1272 quibus
193 1177 300 1248 rebus
329 1175 544 1260 munierim,
578 1175 738 1246 invenies
761 1199 881 1259 arma,
914 1175 1033 1258 urbes,
1085 1197 1171 1242 vero
1188 1173 1276 1259 illis,
1304 1175 1366 1268 qui
1384 1191 1616 1269 perseverant
1630 1177 1669 1247 iu
1683 1177 1898 1250 sustinendis
1913 1176 2087 1268 reipubli-

45 1281 125 1362 loea,
153 1292 290 1370 portus,
316 1303 444 1364 naves,
472 1301 583 1374 equos
596 1292 631 1348 et
648 1277 839 1362 exercitus,
868 1277 929 1371 qui
944 1272 1034 1347 baec
1086 1299 1147 1345 cae
1175 1277 1348 1368 negotiis,
1383 1279 1567 1362 insidiari,
1609 1293 1644 1350 et
1676 1280 1836 1374 privatas
1867 1280 2084 1350 offensiones

44 1382 278 1454 defenderent.
338 1383 436 1452 llaec
456 1382 729 1475 propugnacula
762 1381 920 1480 exstruxi
949 1393 1032 1450 ante
1086 1381 1277 1450 observare
1300 1393 1335 1452 et
1355 1383 1498 1474 affigere
1515 1383 1732 1468 memoriae,
1767 1396 1802 1453 et
1824 1382 1862 1450 in
1885 1383 1964 1452 loco
1986 1381 2085 1472 cupi·

42 1485 205 1568 Atticam,
231 1498 407 1578 quantum
422 1479 582 1554 humano
601 1483 750 1557 consilio
767 1484 936 1579 possibile
953 1482 1033 1554 fuit.
1086 1481 1234 1552 ditatem
1268 1484 1445 1555 vindictae
1481 1487 1634 1579 explere.
1700 1486 1774 1558 Nee
1807 1484 1987 1554 laudabile
2020 1496 2085 1568 est,

43 1587 109 1658 llos
128 1609 254 1657 muros
270 1586 487 1658 circumdedi
504 1586 659 1678 patriae,
685 1609 761 1654 non
777 1599 917 1656 tantum
937 1581 1034 1655 bunc
1086 1583 1200 1654 otium
1215 1585 1387 1658 iniustum
1403 1601 1439 1658 et
1459 1589 1670 1660 insidiosum
1694 1613 1817 1681 agere,
1851 1600 1892 1658 ut
1917 1599 1957 1658 tu
1978 1609 2085 1680 saepe

43 1691 212 1760 ambitum
228 1689 351 1760 Piraei
365 1703 400 1760 et
413 1690 529 1769 urbis;
555 1713 622 1760 nec
636 1688 693 1758 vel
715 1689 864 1758 consilio
889 1690 947 1760 vel
971 1712 1033 1780 ap·
1084 1687 1182 1758 facis.
1233 1685 1298 1758 Est
1314 1690 1410 1758 enim
1430 1693 1526 1762 aliud
1543 1693 1725 1787 quoddam
1750 1693 1883 1761 iustum
1910 1691 2024 1760 otium
2051 1701 2086 1758 et

41 1805 166 1885 paratu
182 1793 227 1862 ab
243 1788 346 1862 hoste
367 1792 482 1864 vietus
502 1815 602 1876 sum,
639 1793 700 1862 sed
724 1793 897 1862 exercitus
917 1793 1033 1864 nostri
1085 1789 1172 1860 utile
1195 1788 1433 1882 reipublicae,
1465 1796 1571 1889 quale
1605 1808 1658 1866 est
1688 1796 1885 1867 multorum
1915 1788 2086 1863 honesto-

40 1896 180 1965 fortuna
199 1895 357 1988 superati
371 1908 466 1967 sunt.
523 1894 571 1964 Et
588 1894 769 1966 evidentes
783 1906 866 1965 sunt
884 1896 1033 1968 demon·
1085 1917 1166 1963 rum
1185 1893 1334 1976 civium;
1362 1899 1430 1966 ‘sed
1452 1893 1559 1968 huius
1583 1897 1754 1969 dissimile
1777 1908 1849 1979 est,
1885 1895 1969 1990 qui,
2002 1919 2084 1966 cum

41 1998 225 2069 strationes
256 1993 388 2069 borum
423 2022 587 2068 meorum
621 1998 865 2069 consiliorum·
934 2000 1033 2094 Quid
1066 1995 1154 2088 ¹ipsi
1169 1996 1275 2080 libet,
1301 1999 1692 2094 seceditarepublica,
1718 2014 1754 2071 et
1775 1999 1861 2068 libet
1883 2022 2010 2090 saepe,
2044 2019 2084 2066 ac

41 2100 128 2170 enim
150 2102 313 2194 oportuit
324 2104 441 2172 facere
456 2100 597 2172 fidelem
615 2113 650 2171 et
663 2103 877 2194 prudentem
893 2102 1032 2174 civem?
1080 2098 1243 2174 ¹intentus
1260 2113 1312 2170 est
1327 2101 1366 2171 in
1383 2102 1588 2175 voluntates
1611 2103 1764 2187 civium',
1790 2102 1935 2196 quando
1956 2099 2086 2194 aliquis

40 2203 167 2278 Nonne
191 2227 336 2289 curare,
366 2218 407 2275 ut
427 2229 490 2274 ora
513 2204 695 2272 maritima
718 2204 823 2275 nobis
844 2217 905 2273 tua
930 2218 1033 2291 esset,
1084 2214 1235 2295 propter
1250 2203 1493 2275 assiduitatem
1509 2207 1711 2290 fastiditur,
1746 2217 1809 2273 aut
1824 2203 1960 2296 accepit
1975 2226 1994 2270 a
2012 2203 2086 2271 for·

40 2321 71 2376 et
88 2307 238 2378 Euboea
261 2308 450 2393 adiuncta,
490 2307 779 2391 intereavero,
811 2307 964 2380 Boeotia
991 2333 1033 2379 ac
1085 2318 1171 2374 tuna
1199 2304 1323 2376 durius
1349 2308 1503 2402 aliquid:
1537 2322 1578 2379 ut
1602 2303 1745 2378 homini
1768 2307 1881 2375 multa
1908 2305 2086 2387 accidrmt,

39 2435 157 2481 versus
165 2411 457 2502 Peloponnesum
471 2409 581 2479 vicini
598 2410 673 2482 eius
688 2411 798 2481 orae?
834 2412 1032 2482 Providere
1085 2418 1171 2477 tunc
1187 2407 1252 2478 iste
1268 2409 1387 2479 subito
1402 2435 1444 2480 ex
1460 2411 1607 2482 latebris
1626 2407 1783 2502 erumpit
1799 2433 1862 2478 ceu
1877 2420 2020 2487 ventus;
2051 2417 2086 2475 et

39 2513 139 2597 item,
167 2527 208 2583 ut
220 2513 394 2586 frumenti
406 2513 616 2606 importatio
632 2538 707 2583 non
723 2513 971 2608 impediretur,
999 2528 1033 2585 et
1086 2509 1168 2605 quia
1184 2509 1322 2582 interea
1338 2537 1462 2583 vocem
1477 2513 1632 2584 exercuit
1644 2526 1678 2584 et
1694 2509 1876 2581 orationes
1892 2507 2085 2592 contexuit,

37 2616 190 2686 retinere
214 2618 314 2704 loca,
346 2642 438 2713 quac
461 2611 670 2690 tenebamus
696 2619 812 2691 missis
832 2618 1034 2712 praesidiis,
1084 2608 1149 2683 has
1165 2613 1238 2682 iam
1254 2615 1347 2685 clara
1364 2642 1452 2687 voce
1470 2632 1504 2688 et
1527 2619 1703 2689 indefesso
1726 2613 1855 2707 spiritu
1879 2612 2006 2682 recitat
2031 2614 2086 2680 in·

39 2731 68 2788 et
89 2719 352 2814 Byzantiorum
388 2733 424 2791 et
448 2719 602 2793 aliorum
625 2722 806 2793 sociorum
830 2724 1033 2793 voluntates
1084 2716 1190 2787 utiles
1224 2718 1464 2812 reipublicae,
1508 2723 1569 2792 sed
1598 2721 1705 2791 alicui
1732 2717 1801 2787 civi
1827 2716 2024 2808 perniciem
2051 2726 2087 2783 et

38 2825 270 2909 confirmare,
312 2836 347 2906 et
379 2825 520 2894 decreta
555 2824 803 2894 convenientia
836 2821 892 2896 bis
926 2827 1033 2898 rebus
1084 2818 1302 2912 reipublicae
1337 2823 1488 2894 dedecus
1524 2825 1724 2894 afferentes.
1786 2819 1990 2910 Oportebat
2023 2840 2086 2886 au·

36 2927 210 3013 scribere,
238 2940 273 2997 et
288 2928 447 2997 adimere
469 2926 598 2997 auxilia
626 2923 809 3010 bostibus,
843 2941 879 2998 et
901 2931 1032 2998 addere
1084 2933 1158 2991 tem
1185 2918 1292 2994 buius
1321 2925 1565 2999 meditationis
1601 2940 1635 2996 et
1665 2922 1911 3018 eloquentiae,
1961 2920 1991 2990 si
2023 2943 2087 2987 vo-

37 3029 194 3114 eivitati,
234 3051 326 3124 quae
350 3028 523 3100 deerant?
584 3030 682 3100 Haec
702 3031 794 3104 meis
817 3032 974 3102 consiliis
998 3043 1034 3100 et
1084 3024 1203 3095 luntas
1220 3050 1302 3117 erga
1318 3027 1474 3119 patriam
1491 3030 1583 3101 iusta
1610 3041 1721 3112 esset,
1754 3028 1890 3096 fructus
1915 3018 2085 3093 honestos

36 3133 188 3203 decretis
202 3144 278 3202 acta
295 3146 398 3218 sunt,
435 3155 528 3227 quae
553 3133 697 3228 quidem
724 3147 760 3204 et
782 3148 877 3204 recte
900 3133 1033 3204 delibe-
1086 3139 1120 3196 et
1136 3129 1276 3220 publice
1293 3129 1398 3202 utiles
1415 3154 1500 3204 esse.
1560 3131 1724 3202 Debebat
1746 3129 1943 3219 adiungere
1968 3125 2086 3198 socios

35 3249 110 3306 rata
139 3259 214 3306 esse
238 3235 447 3320 invenietis,
488 3249 522 3306 et
550 3236 641 3308 iuste
666 3237 934 3322 administrata,
966 3261 1033 3308 nec
1086 3229 1242 3315 civitati,
1284 3236 1471 3304 ostendere
1494 3235 1712 3306 accessiones
1731 3231 1905 3328 pecuniae
1932 3243 1968 3298 et
1990 3251 2084 3298 nova

34 3339 205 3410 articulos
218 3350 424 3432 temporum
442 3340 641 3430 neglectos,
669 3342 725 3411 vel
750 3366 826 3412 non
847 3342 1032 3434 praevisos
1085 3333 1292 3426 vectigalia,
1318 3338 1468 3407 suadere
1485 3339 1657 3408 salutares
1674 3338 1788 3428 leges,
1821 3333 1997 3428 impedire
2021 3327 2087 3402 bo·

32 3455 94 3512 aut
117 3467 141 3510 a
161 3465 220 3512 me
241 3443 406 3535 proditos
433 3441 527 3528 e'sse,
570 3457 605 3513 et
633 3439 724 3513 nibil
747 3445 919 3517 omissum
946 3469 1034 3529 esse,
1085 3450 1167 3508 stes.
1219 3437 1317 3509 Haec
1335 3440 1580 3534 superioribus
1598 3439 2024 3529 annisefllagitabantur,
2053 3445 2088 3503 et

33 3548 134 3638 quod
152 3545 222 3614 viri
240 3545 348 3618 unius
363 3546 501 3617 viribus
519 3559 553 3615 et
574 3533 790 3638 'prudentiae
812 3550 930 3620 facere
951 3573 1034 3643 pos.
1086 3540 1167 3608 viro
1183 3534 1336 3612 honesto
1352 3544 1586 3634 praeteritum
1610 3554 1751 3634 tempus
1776 3541 2000 3609 occasionem
2026 3539 2087 3605 de-

31 3649 135 3719 sibile
155 3649 233 3719 fuit.
1087 3642 1277 3713 clarandae
1301 3645 1496 3715 voluntatis
1519 3668 1626 3736 saepe
1650 3643 1836 3735 praebuit,
1874 3639 1936 3710 ubi
1960 3651 1997 3708 tu
2019 3661 2087 3708 nec

137 3751 203 3821 Sin
217 3763 336 3824 autem
353 3763 416 3822 aut
430 3750 686 3836 voluntafflei,
711 3766 774 3822 aut
787 3753 947 3837 fortuna,
972 3764 1035 3824 aut
1085 3743 1243 3836 primm,
1276 3770 1342 3816 nec
1363 3747 1560 3831 secundus,
1600 3768 1667 3815 nec
1689 3745 1815 3814 tertius
1838 3743 1954 3821 suisli3
1994 3737 2086 3810 nihil

29 3853 165 3923 ducum
179 3855 343 3946 ignavia,
370 3867 433 3925 aut
447 3853 675 3947 proditorum
691 3855 843 3940 malitia,
870 3869 933 3926 aut
945 3851 1035 3926 baec
1086 3846 1182 3916 enim
1206 3847 1351 3918 accessit
1373 3849 1522 3942 patriae.
1584 3847 1658 3942 Qui
1679 3847 1767 3920 socii
1790 3845 1949 3916 adiuncti
1977 3841 2085 3917 sunt?

31 3958 158 4026 omnia
185 3957 294 4028 simul
325 3970 565 4050 corruperunt
591 3982 768 4028 summam
799 3959 872 4042 rei,
920 3961 1034 4029 donec
1087 3973 1178 4043 quae
1205 3951 1357 4036 auxilia,
1400 3975 1555 4047 quorum
1580 3952 1693 4023 animi
1723 3953 1769 4020 ad
1795 3949 2086 4020 benevolentiam

30 4073 260 4145 avertemur,
295 4085 359 4132 cur
382 4075 568 4132 accusatur
582 4057 867 4132 Demosthenes?
925 4062 1033 4155 Quod
1084 4052 1223 4122 inducti
1246 4057 1400 4138 suntad
1430 4057 1651 4126 laudandam
1682 4054 1862 4124 civitatem
1893 4048 2085 4123 nostram?

29 4163 88 4246 si,
138 4164 255 4258 qualis
282 4167 378 4257 apud
404 4189 470 4235 vos
498 4189 564 4256 ego
594 4164 647 4234 fui
681 4189 764 4234 meo
798 4165 905 4247 loco,
927 4236 929 4240 ,
952 4166 1033 4238 talis
1087 4181 1179 4250 quae
1196 4157 1339 4248 legatio,
1363 4181 1456 4253 quae
1471 4157 1736 4229 administratio
1754 4167 1916 4246 suscepta
1931 4167 1995 4237 est,
2020 4175 2086 4244 per
2197 4201 2202 4208 -

27 4266 159 4338 fuisset
198 4268 255 4336 vir
297 4293 390 4340 unus
428 4267 468 4337 in
503 4267 671 4362 qualibet
705 4267 867 4349 civitate;
920 4267 1033 4338 immo
1085 4283 1196 4354 quam
1214 4260 1367 4332 civitatis
1381 4261 1495 4352 gloria
1510 4273 1613 4330 aucta
1629 4257 1744 4330 esset?
1759 4283 1850 4354 quae
1865 4255 2009 4350 negotia
2023 4267 2087 4330 aut

28 4369 59 4439 si
91 4369 243 4441 unicum
265 4370 381 4458 ,talem
409 4369 576 4440 universa
606 4367 791 4442 Thessalia
823 4383 858 4441 et
885 4371 1033 4442 unicum
1087 4364 1134 4431 ad
1164 4376 1327 4448 nostros,
1367 4377 1430 4436 aut
1461 4365 1507 4433 ad
1529 4388 1726 4434 comunem·
1742 4362 1914 4434 Graeciae
1937 4370 2084 4440 statum,

26 4471 188 4552 Arcadia
204 4470 405 4559 habuisset,
432 4475 557 4544 eadem
580 4474 813 4558 sentientem,
849 4497 941 4568 quae
969 4499 1033 4566 ego
1087 4476 1150 4534 aut
1172 4467 1218 4536 ad
1239 4480 1379 4538 exteros
1400 4467 1618 4560 pertinentia
1642 4478 1764 4560 perte
1791 4476 1951 4534 correcta
1976 4459 2084 4537 sunt?

27 4577 150 4660 sensi,
174 4571 266 4647 nulli
280 4577 410 4650 Graeci
432 4589 530 4649 extra
555 4590 592 4648 et
612 4578 707 4648 intra
722 4577 830 4672 Pylas
850 4572 919 4647 hac
943 4579 1035 4646 cala.
1087 4589 1179 4662 quae
1193 4569 1370 4656 triremes,
1391 4571 1475 4656 tela,
1494 4571 1652 4656 navalia,
1671 4568 1815 4640 moenia
1830 4569 1961 4638 refecta
1976 4562 2084 4636 sunt?

27 4681 161 4750 mitate
179 4681 341 4774 oppressi
358 4695 491 4763 essent3
518 4681 586 4752 'sed
609 4705 733 4752 omnes
756 4679 880 4765 liberi,
906 4681 1034 4767 securi,
1087 4670 1152 4764 qui
1173 4673 1312 4744 collecti
1338 4673 1500 4768 equites?
1532 4699 1604 4769 qua
1630 4675 1775 4744 tandem
1798 4671 1837 4742 in
1857 4696 1897 4742 re
1917 4667 2087 4763 profuisti

29 4797 67 4852 et
90 4783 263 4854 florentes
285 4807 367 4856 suas
387 4785 524 4879 patrias
546 4795 729 4869 tenerent,
770 4797 806 4854 et
828 4783 932 4855 vobis
954 4808 1035 4876 gra.
1087 4773 1248 4846 civitati?
1300 4775 1386 4848 Non
1408 4777 1592 4848 contulisti
1614 4776 1803 4868 pecuniam
1826 4799 1906 4846 cum
1927 4773 2086 4864 locuple-

26 4885 124 4955 tiam
147 4881 324 4957 haberent
340 4911 408 4980 pro
431 4885 489 4963 his
511 4887 687 4971 consiliis,
719 4909 786 4979 per
811 4911 902 4982 quae
926 4887 1035 4958 tantis
1086 4877 1181 4949 tibus
1196 4880 1508 4952 auttenuioribus.
1561 4879 1631 4951 Sed
1650 4879 1744 4950 dices
1761 4877 1826 4948 tibi
1841 4901 1917 4948 non
1932 4875 2085 4948 defuisse

25 4989 141 5058 bonis
155 4989 371 5064 fruerentur.
422 4991 474 5062 Ut
486 5002 605 5064 autem
621 4989 771 5060 videatis
786 4989 878 5059 facta
895 4989 1033 5061 maiora
1086 4981 1311 5053 voluntatem
1328 4982 1534 5054 conferendi
1548 4995 1583 5052 et
1595 4981 1932 5076 promptitudinem·
1966 4976 2083 5048 Immo

26 5115 109 5162 esse
127 5087 195 5162 bac
209 5117 289 5164 mea
306 5093 672 5178 commemoratione,
698 5091 784 5186 quia
807 5093 1035 5177 verecundia,
1086 5086 1329 5159 scelestissime
1361 5087 1545 5172 omnium,
1577 5108 1624 5156 ne
1651 5097 1737 5157 tunc
1770 5085 1916 5179 quidem
1947 5077 2086 5174 aliquid

28 5193 213 5267 orationis
227 5195 401 5267 invidiam
417 5196 511 5280 vito,
537 5196 646 5265 recita
668 5219 861 5266 numerum
886 5195 1035 5266 auxilio·
1087 5189 1332 5274 contribuisti‚
1359 5214 1440 5259 cum
1459 5192 1664 5259 conferrent
1678 5211 1821 5271 Omnes,
1845 5183 2084 5279 quiunquffl
2190 5267 2194 5274 .

24 5321 133 5368 rum.
183 5297 281 5369 llaec
295 5311 331 5370 et
344 5299 432 5368 talia
454 5321 560 5393 agere
580 5299 717 5368 bonum
743 5298 856 5368 civem
880 5309 1035 5392 oportet,
1086 5289 1125 5359 in
1153 5293 1297 5386 publico
1327 5292 1506 5364 dixerunt.
1570 5290 1760 5364 Postremo
1791 5301 1827 5358 et
1847 5283 2085 5371 Aristonicus,

28 5399 274 5497 quibuscum
297 5403 491 5498 respondet
513 5413 683 5486 eventus,
709 5399 785 5472 sine
811 5399 1035 5473 dubitatione
1088 5396 1152 5489 qui
1182 5399 1371 5490 pecuniam
1396 5395 1580 5468 collectam
1604 5407 1645 5466 ut
1664 5391 1835 5463 mulctam
1860 5390 2015 5499 solveret
2037 5389 2086 5458 ad
