4560 5792
39 183 97 260 su
143 173 260 252 xnu
310 173 596 250 ENARRATiO
616 173 748 278 num
769 177 813 252 u
834 167 1226 256 msruuuouuu
1252 181 1552 260 oneronua.
1579 187 1891 288 Qurnrnmm.
1953 193 2030 269 seo
2095 301 2100 308 Ι
2146 161 2150 168 ’

41 367 144 428 camut
164 371 312 436 arenam·
332 350 408 421 sine
433 349 540 422 calce.
599 349 744 422 Seneca
757 346 989 444 reprehendit
1040 352 1150 449 Quod
1163 354 1213 424 ita
1230 356 1434 430 faciendum
1452 373 1522 446 est,
1548 385 1594 432 ne
1610 362 1722 432 nimia
1739 364 1891 437 servitus
1910 389 2029 438 reino-

38 455 303 548 compositionem
320 452 519 534 Ciceronis;
553 477 633 524 cum
657 467 779 524 tamen
801 455 877 546 ipse
896 449 989 524 nihil
1040 469 1141 528 retur
1160 457 1323 550 ingenia,
1356 485 1447 532 neve
1472 465 1511 532 in
1535 465 1694 559 qualibet
1714 467 1889 537 sententia
1910 469 2029 540 aliena

37 570 219 650 componat,
245 556 358 626 numo
381 555 548 626 videatur
572 580 650 628 eam
676 579 751 628 non
777 557 988 646 intelligere.
1041 561 1202 630 membra
1217 566 1414 634 mutuanda
1430 567 1534 638 nobis
1550 593 1624 639 esse
1641 580 1818 660 putemus,
1837 573 1900 642 sed
1915 571 2029 666 quan-

34 663 137 732 Pictor
155 658 423 750 Noribergensis
448 657 617 730 tilbertus
636 659 800 730 Durerus
821 659 868 758 ⁸⁴)
900 657 991 728 dixit
1041 675 1118 732 tum
1136 663 1213 731 fieri
1228 676 1364 754 potest,
1390 669 1515 740 demus
1530 695 1698 764 operam,
1724 684 1764 741 ut
1779 672 1817 742 in
1836 688 2029 768 conspectu

34 764 178 836 semulto
192 761 377 832 meliorem
391 763 525 832 lactum
552 785 625 832 esse
649 761 852 832 imitatione
869 758 989 832 iacobi
1040 765 1113 834 sint
1136 765 1313 856 plurimae
1337 782 1497 841 veterum
1518 785 1626 868 atque
1649 773 1926 848 lectissimorum
1954 780 2029 848 for-

31 869 65 936 de
84 865 244 935 Barbaris
265 863 331 960 ⁶³);
374 865 460 934 item
485 887 521 934 se
547 865 708 937 tutorum
733 865 840 936 luisse
872 865 988 934 multo
1040 866 1422 968 mulae‚maximeque
1438 872 1633 948 Ciceronis.
1666 874 1806 948 Deinde
1820 878 1899 949 idea
1919 905 2028 974 quae·

29 967 325 1060 praestantiorem,
358 967 390 1037 si
418 965 601 1038 incidisset
624 967 663 1038 in
684 967 845 1058 exempla
872 967 988 1036 multo
1041 971 1125 1040 dam
1158 995 1271 1062 purae
1306 997 1347 1042 ac
1380 977 1510 1049 veteris
1545 979 1719 1050 orationis
1755 981 2028 1054 circumferatur

28 1070 168 1142 meliora.
235 1071 390 1140 Senecae
431 1064 659 1161 philosophia
694 1082 746 1141 est
777 1068 916 1150 inanis,
955 1080 991 1138 et
1042 1072 1184 1158 animo,
1211 1097 1319 1169 aquo
1343 1100 1418 1146 non
1441 1080 1591 1150 multum
1617 1082 1859 1169 discedamus,
1887 1085 2028 1157 etiamsi

28 1174 123 1242 aliena
149 1195 168 1240 a
192 1171 459 1264 Peripateticis,
491 1172 603 1242 multa
627 1173 780 1265 sumpsit
804 1195 847 1242 ex
868 1170 987 1242 Stoica
1041 1197 1116 1244 non
1129 1175 1236 1246 unius
1253 1189 1395 1249 tantum
1418 1179 1635 1252 lineamenta
1658 1209 1805 1277 prorsus
1827 1188 2027 1281 exprimere

27 1288 54 1344 et
69 1274 234 1366 Epicurea
265 1275 441 1347 doctrina.
507 1273 748 1367 Peripatetica
778 1273 888 1344 iacuit
918 1273 989 1343 illis
1040 1277 1230 1369 possimus.
1294 1281 1459 1352 Primum
1482 1298 1734 1378 praeceptum,
1768 1287 1935 1360 imitandi
1953 1303 2028 1362 stu·

26 1377 226 1468 temporibus
241 1378 330 1448 vitio
353 1378 448 1448 male
469 1377 726 1462 iudicantium,
753 1377 839 1472 quia
863 1375 990 1467 vulgus
1042 1380 1141 1452 dium
1157 1405 1232 1452 esse
1248 1383 1377 1454 debere
1394 1385 1433 1452 in
1450 1387 1745 1460 adolescentibus.

25 1481 119 1570 magis
147 1494 247 1550 amat
267 1479 507 1573 prodigiosa,
554 1504 662 1574 quam
690 1505 799 1564 sana,
833 1501 918 1548 vera
954 1490 990 1548 et
1145 1479 1231 1573 8.-4.
1259 1487 1455 1580 Quiupipri
1471 1501 1523 1562 esi
1544 1495 1691 1586 inpenii]
1717 1489 1797 1585 Ipse
1822 1494 2028 1567 commiscet

25 1581 187 1673 simplicia.
1042 1585 1093 1655 ibi
1106 1609 1165 1656 res
1182 1599 1217 1656 et
1234 1588 1487 1662 elocutionem.
1544 1591 1846 1694 σκιογραφίαᾞ]
1871 1597 2027 1668 imitatio

107 1681 135 1774 §.
153 1684 240 1760 129.
266 1686 434 1757 Dulcibus
451 1678 566 1780 vitiis]
591 1683 725 1754 scilicet
741 1679 887 1754 deliciis.
1041 1701 1095 1759 est
1114 1689 1340 1762 umbrarum.
1390 1688 1631 1791 ζωογραφία,
1658 1721 1737 1766 cum
1756 1713 1955 1790 coeperunt
1972 1699 2028 1792 pi.

107 1784 239 1878 §.130.
273 1789 397 1861 Alieno
417 1781 563 1884 iudicio]
599 1787 637 1855 id
657 1799 726 1870 est,
763 1785 885 1857 omnia
904 1807 990 1878 pro·
1042 1804 1164 1860 cturae
1182 1791 1362 1865 coloribus
1379 1795 1561 1868 illustrari.
1611 1797 1750 1870 Prioris
1773 1803 1859 1874 artis
1883 1802 2027 1872 initium

24 1886 192 1962 bavitsine
210 1888 433 1961 discrimine.
1042 1895 1204 1964 lecerunt
1235 1895 1280 1964 ab
1309 1897 1438 1968 umbra
1469 1898 1575 1984 solis,
1609 1925 1761 1998 eamque
1785 1902 1823 1970 in
1843 1903 2026 1998 pingendo
2087 1893 2093 1900 ’

107 1991 188 2084 Cap.
203 1990 251 2063 Il.
269 1989 300 2084 ᾗ.
319 1992 354 2063 1.
380 1998 441 2063 Es
454 1993 514 2061 iu
537 1985 763 2088 umerisque]
790 1991 911 2085 Stylus
934 2013 989 2062 re-
1041 2008 1181 2066 tantum
1198 2009 1282 2067 sunt
1296 1998 1438 2071 imitati.

25 2093 113 2186 quirit
125 2094 381 2167 imitationem.
434 2091 520 2163 ideo
537 2115 634 2166 nunc
650 2096 702 2162 (ie
726 2093 988 2164 imitatione
1145 2094 1176 2188 ᾗ,
1195 2099 1254 2170 11.
1283 2103 1427 2188 Quodin
1444 2107 1668 2198 orationibus]
1694 2104 1798 2178 Vel-iq
1815 2107 1929 2196 causis
1946 2109 2029 2179 sub.

27 2195 188 2270 dicendum
212 2211 282 2272 est.
338 2196 400 2266 De
425 2196 656 2267 sententia
684 2195 988 2288 Quintiliani.
1042 2211 1094 2270 est
1109 2200 1240 2294 aliquis
1256 2202 1422 2296 impetus.
1462 2205 1700 2298 Respublicae
1716 2221 1752 2276 et
1767 2221 1932 2303 tempora
1948 2235 2029 2280 mu·

24 2296 145 2370 Summa
160 2301 340 2374 sententia
360 2299 541 2382 estFabii,
567 2298 721 2392 requirit
734 2298 988 2382 imitationem,
1040 2313 1121 2376 tant
1137 2305 1332 2392 vocabula,
1358 2320 1399 2378 ut
1415 2303 1596 2394 Christus,
1622 2309 1801 2396 Ecclesia,
1817 2311 2029 2382 Sacramen-

24 2401 70 2468 sed
87 2403 165 2474 citra
181 2404 499 2497 superstitionem,
523 2425 589 2471 nec
603 2402 681 2472 vult
701 2425 770 2472 nos
790 2403 840 2470 ita
865 2425 989 2494 super·
1040 2417 1138 2490 tum,
1165 2405 1273 2479 Crux.

23 2504 133 2576 stitiose
148 2509 314 2579 addictos
331 2531 406 2578 esse
422 2505 549 2577 alienis
569 2504 725 2576 inventis
750 2505 922 2574 membris
948 2527 989 2573 ac
1143 2501 1174 2598 ᾗ.
1195 2510 1255 2581 14.
1282 2511 1507 2603 Quapropter]
1526 2511 1691 2583 Tertium
1706 2528 1951 2607 praeceptum,
1966 2517 2027 2586 de-

23 2606 139 2696 figuris,
164 2611 287 2682 nullas
303 2623 344 2680 ut
360 2635 417 2682 res
432 2632 546 2679 novas
562 2619 624 2680 aut
643 2610 775 2698 figuras
799 2607 867 2700 ipsi
887 2607 988 2676 inve·
1040 2610 1152 2681 lectus
1168 2607 1392 2684 adhibendus
1408 2628 1460 2685 est
1478 2615 1517 2684 in
1532 2613 1747 2688 imitatione.
1804 2617 1945 2692 Radius
1970 2643 2028 2690 re·

23 2709 158 2796 niamus,
192 2727 262 2784 aut
283 2709 376 2784 nihil
398 2725 440 2783 ut
464 2714 591 2781 efferre
608 2711 679 2783 nisi
693 2711 864 2782 membris
880 2709 988 2781 unius
1039 2713 1231 2806 splendens
1244 2716 1282 2784 in
1300 2717 1444 2807 speculo
1466 2741 1532 2787 nec
1554 2731 1607 2789 est
1631 2743 1780 2812 corpus,
1813 2744 1880 2792 nec
1901 2723 2027 2815 figura,

23 2811 147 2886 alicuius
161 2817 330 2888 velimus.
381 2817 435 2888 Ao
451 2839 575 2885 verum
598 2827 650 2886 est
669 2837 710 2882 ea
734 2814 986 2906 superstitione
1039 2817 1101 2886 sed
1117 2817 1240 2888 lumen
1260 2818 1456 2913 quoddam.

20 2919 172 2988 retardari
192 2920 355 3012 ingenia.
414 2916 498 2987 ldeo
525 2911 670 2986 etmihi
699 2917 815 3006 placet
836 2916 911 2988 eius
934 2915 988 2986 rei
1143 2915 1260 3009 §.16.
1300 2917 1514 3019 Temerarii]
1554 2923 1626 2992 viel
1660 2924 1848 2994 seltzamer
1885 2926 2027 2998 bosscn.

20 3022 124 3092 modus
155 3023 323 3118 quidam.
388 3019 580 3091 Praeterea
614 3018 747 3090 Fabius
782 3020 989 3088 commiscet
1040 3023 1215 3113 arrupte]
1242 3021 1366 3108 idest,
1392 3025 1514 3093 omnia
1531 3026 1682 3116 figurate
1699 3028 1867 3098 dicentes.

19 3115 241 3196 imitationem
259 3149 380 3194 rerum
406 3137 442 3194 et
466 3121 689 3192 elocutionis.
742 3120 846 3191 Certe
869 3122 908 3192 in
931 3145 987 3192 re-

17 3221 68 3296 bus
81 3251 150 3296 non
166 3228 328 3298 imitatio
343 3239 505 3310 tantum,
530 3226 592 3296 sed
608 3224 770 3294 inventio
791 3225 898 3294 etiam
924 3247 987 3294 va-

17 3323 68 3412 let,
90 3355 265 3404 necunus
285 3330 324 3400 in
345 3330 451 3402 rebus
475 3327 671 3400 imitandus
694 3327 774 3398 erit.
827 3327 906 3420 Qui.
923 3351 986 3398 au-

16 3436 125 3503 temde
142 3435 351 3504 imitatione
367 3427 436 3502 hoc
453 3443 616 3524 tempore
638 3431 885 3524 praecipiunt,
911 3456 987 3502 non
1140 3428 1284 3522 Duplex
1308 3443 1359 3502 est
1382 3431 1560 3518 imitatio,
1593 3435 1769 3526 generalis
1795 3447 1831 3505 et
1852 3436 2027 3529 specialis.

17 3531 49 3602 de
73 3537 193 3623 rebus,
235 3539 295 3608 sed
327 3538 371 3605 de
403 3535 604 3606 elocutione
632 3535 844 3627 loquuntur.
901 3532 986 3604 Ideo
1039 3532 1288 3605 Generalis
1318 3537 1495 3628 quaedam
1520 3549 1574 3607 est
1593 3561 1737 3622 rerum,
1771 3532 1841 3607 hoc
1864 3551 1936 3624 est,
1971 3539 2027 3608 in·

17 3657 75 3706 non
97 3654 148 3712 est
169 3640 395 3712 abutendum
419 3636 524 3707 Fabii
549 3635 760 3720 autoritate,
798 3638 843 3705 ad
870 3635 987 3706 detra·
1039 3634 1220 3704 ventionis
1235 3635 1547 3728 acdispositionis‚
1567 3640 1744 3731 quaedam
1764 3650 1816 3708 esi
1830 3640 2026 3710 verborum

17 3731 133 3814 hendos
157 3746 203 3814 ab
231 3742 432 3814 imitatione
454 3738 652 3822 studiosos,
680 3737 892 3829 praesertim
917 3734 987 3809 hoc
1040 3748 1076 3805 et
1091 3730 1243 3826 phrasis.
1294 3735 1449 3828 Oportet
1464 3739 1560 3806 enim
1577 3735 1710 3814 habere
1728 3753 1844 3812 certos
1868 3754 2026 3828 autores,

17 3851 176 3936 tempore,
202 3871 286 3918 cum
303 3858 379 3916 tota
397 3841 502 3913 nobis
520 3841 641 3932 lingua
667 3865 685 3910 e
710 3841 810 3912 libris
834 3843 986 3932 petenda
1041 3839 1256 3934 quibuscum
1276 3839 1379 3932 quasi
1393 3841 1638 3936 colloquentes
1653 3842 1814 3934 linguam
1836 3843 2027 3932 discamus,

17 3943 61 4030 sit,
83 3948 120 4020 in
141 3950 277 4045 quibus
300 3947 380 4042 quis
402 3970 477 4015 non
500 3944 599 4014 videt
622 3942 758 4034 optima
785 3943 906 4034 potius
930 3967 989 4013 er·
1039 3941 1251 4032 praesertim
1276 3965 1356 4012 cum
1381 3955 1455 4013 tota
1480 3969 1576 4014 nunc
1598 3970 1618 4015 e
1641 3945 1743 4017 libris
1764 3949 1936 4018 sumenda
1961 3959 2026 4022 est.

17 4053 135 4141 ampla,
166 4077 280 4147 quam
309 4061 477 4141 corrupta
506 4046 682 4116 imitanda
717 4069 792 4116 esse
820 4045 988 4131 maxime,
1038 4042 1092 4112 Ac
1115 4045 1159 4113 de
1183 4044 1341 4136 generali
1364 4045 1567 4118 imitatione
1591 4062 1685 4120 recte
1710 4048 1860 4134 dicitur,
1901 4073 2027 4124 omncs

17 4173 79 4221 :um
92 4157 282 4226 videamus
305 4151 507 4222 imitatione
526 4144 592 4221 has
618 4160 711 4218 artes
733 4161 875 4219 renatas
902 4173 987 4222 esse.
1039 4147 1156 4218 bonos
1170 4147 1366 4219 imitandos
1385 4175 1469 4238 esse.
1520 4151 1614 4222 Nam
1632 4153 1729 4246 quod
1745 4153 1790 4220 ad
1806 4175 1863 4222 res
1881 4153 2027 4246 attinet,

17 4251 140 4326 Portica
157 4258 257 4327 enim
283 4255 465 4337 refloruit,
491 4264 728 4346 posteaquam
754 4251 865 4346 aliqui
890 4251 989 4343 inge·
1041 4273 1133 4341 opus
1166 4263 1218 4321 est
1249 4252 1354 4322 nobis
1392 4255 1658 4345 propemodum
1693 4254 1832 4324 infinita
1867 4256 2026 4348 quadarn

17 4355 92 4428 iiosi
105 4373 247 4431 veteres
263 4371 386 4451 poetas
405 4356 473 4428 sibi
491 4366 761 4448 proposuerunt
782 4353 988 4426 imitandos.
1041 4353 1164 4444 copia,
1192 4365 1228 4422 et
1243 4355 1416 4426 varietate
1433 4357 1638 4441 doctrinae,
1665 4380 1707 4426 ex
1722 4381 1792 4453 qua
1805 4355 1900 4429 ¹oriri
1917 4370 2025 4452 atque

17 4454 51 4527 lta
67 4475 100 4532 ct
114 4463 233 4534 soluta
251 4461 367 4532 oratio
383 4459 453 4530 erit
468 4457 619 4542 melior,
644 4456 675 4528 si
697 4458 900 4549 exemplum
924 4457 990 4527 ali·
1041 4455 1259 4526 efflorescere
1277 4458 1393 4526 oratio
1411 4458 1525 4530 debet.
1565 4459 1729 4530 Primum
1746 4484 1804 4530 res
1817 4459 1920 4545 illae,
1936 4485 2027 4555 quas

17 4563 84 4654 quid
113 4567 301 4658 egregium
333 4565 499 4655 effingere
529 4585 598 4654 pro
631 4559 729 4629 virili
764 4561 987 4632 conabimur.
1040 4570 1257 4642 tractamus,
1284 4561 1429 4651 penitus
1447 4585 1487 4629 ac
1505 4564 1659 4653 perfecte
1676 4562 1781 4632 nobis
1800 4561 1932 4635 debent
1952 4587 2026 4634 esse

17 4739 205 4757 —-
1038 4674 1160 4733 uotae.
1219 4661 1348 4732 Postea
1375 4662 1518 4733 aliunde
1541 4666 1649 4735 etiam
1676 4677 1912 4750 ornamenta,
1947 4666 2028 4761 qui-

33 4839 81 4898 tt)
104 4835 160 4889 itii
193 4833 320 4886 Durerus
352 4829 379 4884 d.
403 4829 447 4884 70.
470 4825 538 4880 iicii
562 4827 639 4881 1171.
666 4826 868 4892 norimbergae
891 4829 988 4896 name,
1039 4765 1106 4836 hm
1137 4789 1201 4888 ΒΨ
1223 4764 1373 4885 florib&
1406 4779 1665 4860 ⁰⁰¹¹³p⁰¹⁸g³t¹¹¹
1701 4767 1841 4886 ⁰f³fi⁰3
1878 4769 2027 4888 figura?

64 4909 91 4961 ⁶,
110 4875 206 4970 Apin,
226 4903 301 4954 iata.
321 4899 423 4951 uidem
445 4899 572 4948 mortuus
596 4898 649 4949 eet.
685 4897 780 4951 vsu„
805 4897 887 4948 iuius
911 4898 987 4948 cete·
1039 4880 1254 4952 sententiae,
1277 4868 1348 4937 loci
1368 4894 1597 4956 communes,
1625 4867 2027 4962 amplificationes,h1-

64 4975 184 5028 berrimi
202 4971 317 5036 pictoris
335 4967 543 5032 descrtpeerunt
560 4965 631 5016 ltoti
651 4965 761 5028 (Leipz.
783 4963 891 5032 1791),
917 4967 987 5016 liei-
1038 4969 1191 5053 smine,
1227 4973 1408 5064 ampla,-
1440 4971 1553 5057 dicta,
1587 4972 1859 5060 similitudines,
1901 4986 1935 5042 et
1956 4969 2026 5042 hoc

66 5047 110 5096 ier
130 5043 227 5104 (culus
245 5041 308 5091 libri
334 5042 426 5090 autem
451 5037 513 5086 soie
529 5035 601 5084 Pers
619 5033 652 5087 ii.
677 5034 780 5096 prodiit
798 5035 874 5098 lips.
895 5035 987 5094 ¹8³1.)

68 5117 97 5166 st
123 5113 235 5176 usgue
259 5109 364 5176 (Neues
389 5105 500 5170 allgem.
526 5103 808 5154 sonatur-nexum
834 5103 864 5152 ω,
886 5103 933 5156 111.
958 5117 984 5167 p.
1038 5098 1149 5164 genus
1167 5073 1236 5140 alia
1252 5075 1378 5160 multa,
1396 5074 1641 5172 conquirenda
1658 5090 1753 5163 sunt,
1773 5101 1886 5172 eaque
1902 5074 2026 5146 omnia

69 5180 256 5240 bili-55³.)
1036 5211 1243 5227 ...-...-..

37 5285 81 5345 ii)
102 5286 144 5336 De
169 5284 224 5333 iroc
245 5281 341 5333 iacebo
361 5279 397 5328 ds
421 5277 564 5340 Burbury,
596 5276 757 5338 pierumque
773 5275 869 5325 Franz
886 5275 982 5339 itaby-
1072 5275 1122 5332 aa)
1141 5274 1332 5342 σκιαγραφία]
1358 5275 1427 5325 iano
1450 5277 1634 5327 recentiorem
1658 5276 1777 5328 formem
1801 5273 1851 5338 [de
1875 5285 1929 5339 que
1952 5275 2027 5326 coni.

69 5357 133 5404 ione
158 5351 248 5416 dieto,
280 5351 387 5413 pictore
413 5348 441 5398 et
464 5345 666 5410 chalcogrepio
694 5344 768 5396 coni.
792 5345 899 5410 Nagier
920 5345 940 5396 i.
965 5343 986 5397 1.
1106 5344 1217 5394 Luteci
1241 5345 1277 5393 ad
1293 5343 1397 5406 Phryn.
1422 5357 1448 5406 p.
1474 5345 1551 5406 646.)
1577 5347 1603 5395 1.
1626 5344 1809 5398 11111171).
1837 5343 1946 5398 exhibet
1974 5355 2026 5412 pro

69 5423 99 5476 i.
117 5422 139 5474 i.
157 5433 187 5484 p.
205 5419 264 5474 259.
514 5475 518 5484 ,
1106 5411 1265 5476 antiquiore
1284 5415 1468 5479 σκιαγραφία.

1039 3187 1437 3262 Commonefactio
1473 3188 1594 3264 Phil.
1627 3193 1728 3268 Mel.
1773 3197 1824 3266 de
1866 3197 2027 3268 imita·

1462 3295 1607 3368 tione.
