4648 5794
44 177 111 254 sor
169 177 293 256 xxm
328 177 641 259 mooumrs
664 177 741 258 ur.
757 131 961 260 senous
981 175 1032 257 ut
1050 175 1200 256 arur.
1224 177 1338 262 rau.
1362 177 1448 256 uc.
1474 161 1661 261 namn
1687 186 1946 274 anso-n.
1997 199 2073 278 soc

200 347 390 438 Scholia
415 353 462 426 in
487 353 734 448 epistolam
758 347 866 430 tht
953 387 958 396 ·

138 508 227 591 Quin
241 505 391 598 nonest]
423 505 623 579 Exordium
637 533 659 578 a
678 531 805 594 causa,
836 533 901 580 seu
925 529 1028 576 oceu-

1371 353 1779 462 Argumentum).

1180 485 1361 558 Admonet
1393 490 1585 564 Servilium
1623 519 1709 568 suae
1749 503 2069 578 commendationis

32 605 135 698 patio
160 608 494 681 commendationis,
568 613 663 682 Nam
683 635 758 682 m
782 617 822 682 Τ,
837 606 1027 703 Amas„
1079 607 1147 702 pro
1165 587 1334 660 Caerellia
1343 588 1404 686 ³⁰),
1429 595 1551 664 addita
1568 621 1672 670 causa
1687 599 1818 674 iterum
1832 605 2010 676 scribendi
2025 610 2068 678 de

32 708 216 782 Narratio.
298 711 516 783 Vehementer
529 706 632 812 otti]
655 711 801 785 Petitio.
846 761 850 770 ·

975 751 986 772 „
1079 687 1174 762 illius
1196 691 1359 784 negotiis.
1410 693 1562 769 Orditur
1582 723 1604 770 a
1626 703 1836 774 narratione
1858 707 1957 804 dem)
1973 734 2070 780 com-

993 857 995 868 ,
1078 793 1309 864 mendatioue
1324 794 1518 868 Caerelliae
1542 799 1581 870 iu
1602 796 1716 876 hortis
1732 805 1887 884 Servilii.
1939 812 2067 882 Postea

329 879 722 978 Argumentumfl).

135 1013 263 1086 Brevis
296 1026 351 1086 est
381 1015 648 1087 commendatio
683 1019 728 1086 de
760 1015 889 1086 liberto
917 1009 1025 1104 Appii

30 1116 149 1188 Balbi.
227 1113 426 1188 Exordium
466 1131 520 1190 est
550 1119 744 1213 figuratum
779 1116 1026 1210 occupatione,

31 1241 144 1311 quare
170 1219 305 1290 multos
324 1219 477 1290 Servilio
511 1219 755 1304 commendet,
771 1249 776 1258 ·
795 1233 831 1290 et
861 1241 953 1314 qnae
980 1217 1024 1286 sit

30 1345 135 1390 causa
162 1313 268 1393 huius
291 1323 624 1396 commendationis.
689 1322 859 1396 Narratio
882 1334 1022 1391 tanturn

30 1420 139 1492 habet
154 1423 300 1494 brevem
315 1425 662 1498 commendationem
675 1449 862 1518 personae.
898 1421 938 1492 in
954 1424 1023 1492 fine

31 1527 182 1615 ponitur
199 1527 340 1618 petitio.

275 1677 415 1753 Aliud
447 1694 779 1773 argumentum.

132 1811 334 1884 Exordium
362 1827 545 1908 sumptum
575 1828 629 1887 est
656 1839 677 1884 a
704 1839 809 1886 causa
839 1839 901 1886 sen
924 1835 1023 1883 occa·

32 1917 135 1985 sione
150 1916 519 1990 commendationum.
568 1916 739 2012 Sequitur
757 1917 875 1988 brevis
899 1939 1023 1986 narra-

29 2018 80 2086 tio
95 2043 179 2090 cum
197 2018 520 2092 commendatione.
579 2015 620 2088 In
637 2020 706 2092 linc
720 2022 869 2112 ponitur
884 2019 1022 2111 petitio.

183 2200 372 2277 Scholia
401 2205 452 2278 ‘in
478 2205 723 2299 epistolam
749 2203 873 2281 LXXI.

135 2343 264 2414 Multos
274 2344 354 2436 etta]
367 2340 565 2414 Exordium
582 2343 628 2413 ab
642 2341 829 2414 occasione
842 2367 1024 2414 commen·

37 2444 234 2516 dationum.
307 2449 353 2517 Τ.
372 2443 623 2541 Anpmirn⁴⁴)]
650 2446 841 2518 Narratio..
910 2450 1024 2533 Quare

37 2552 83 2616 sic
100 2541 248 2646 tttt”)]
275 2545 420 2620 Potitio.

186 2705 189 2712 '
229 2791 231 2798 Α
327 2695 732 2792 Argumentum'0).

134 2830 375 2900 Commendat
399 2830 574 2915 breviter,
613 2834 676 2902 sed
710 2831 813 2902 valde
835 2833 1023 2924 diligenter

37 2933 202 3003 comitem
219 2933 314 3003 exilii
327 2933 393 3005 sui.
427 2933 625 3004 Exordium
640 2935 747 3026 plane
764 2934 858 3004 idem
876 2947 929 3006 est
941 2961 1021 3008 cum

35 3036 214 3124 proximo.
262 3035 432 3131 Sequitur
442 3035 605 3107 narratio
620 3038 665 3106 de
678 3035 790 3128 ipsius
804 3035 974 3109 fidelitate
989 3053 1025 3110 et

38 3139 187 3209 summis
200 3138 325 3208 officiis
340 3140 380 3208 in
393 3139 518 3224 exilio,
544 3139 665 3208 addita
680 3138 783 3208 brevi
796 3143 1024 3212 commenda-

38 3239 147 3312 tione.
197 3235 240 3310 Iu
252 3242 322 3312 fine
336 3241 485 3335 ponitur
497 3241 636 3335 petitio.

293 3392 427 3467 Aliud
454 3405 781 3488 argumentum.

138 3535 298 3628 Sequens
313 3534 462 3626 epistola
478 3557 543 3626 per
558 3534 681 3610 omnia
698 3533 823 3606 similis
847 3547 899 3604 est
922 3557 1026 3626 supe·

39 3636 128 3704 riori
145 3637 184 3706 in
196 3637 441 3729 dispositione.

185 3801 379 3876 Scholia'
401 3803 446 3912 iu
480 3803 729 3898 epistolam
754 3799 892 3874 LXXII.

143 3939 175 4033 ξ.
195 3944 227 4013 1.
255 3941 513 4036 Caerellioe“)‚
538 3909 764 4038 masurio]
788 3937 1029 4034 uariatior).

145 4041 177 4134 δ’.
191 4049 229 4118 2.
254 4049 335 4115 Peto
348 4046 472 4158 igitqr]
497 4043 659 4144 Petitio..

55 4191 261 4210 m

76 4263 248 4329 mmm]
269 4263 312 4314 ris
334 4263 419 4317 natet
444 4262 538 4326 im,
561 4259 656 4324 Ma,
691 4259 783 4321 lm,
814 4257 908 4322 lm,
939 4257 1031 4324 imm

113 4333 199 4384 naret.
210 4333 296 4394 raas,
316 4333 403 4398 rosa,
421 4331 496 4396 taor.
514 4334 543 4384 et
558 4331 608 4384 nu
624 4330 713 4383 orsu
728 4329 840 4392 ampo.
856 4353 892 4366 -
908 4326 1030 4380 rurant

1077 895 1227 986 ponitur
1255 897 1393 968 occasio
1416 922 1533 971 novae
1562 909 1903 996 commendationis,
1946 914 2067 986 addita

1077 996 1270 1088 petitione,
1304 1011 1345 1070 ut
1365 1001 1536 1074 seminam
1558 1005 1725 1079 defendat
1747 1024 1782 1081 et
1805 1013 1961 1088 adiuvet.
2026 1011 2067 1086 In

1076 1099 1146 1168 fine
1164 1110 1217 1173 est
1230 1101 1350 1174 brevis
1364 1104 1575 1198 significatio
1589 1133 1674 1182 suae
1689 1112 1927 1205 gratitudinis.

1317 1285 1457 1360 Aliud
1489 1305 1814 1382 argumentum.

1169 1416 1340 1491 Narratio
1357 1422 1515 1514 primum
1531 1425 1690 1498 continet
1706 1431 1954 1521 repetitionem
1969 1460 2065 1508 com·

1074 1519 1315 1594 mendationis
1336 1547 1404 1616 pro
1428 1524 1623 1613 Caerellia,
1661 1531 1876 1626 priusquam‘
1895 1537 2065 1612 Servilius

1075 1621 1114 1690 iu
1129 1623 1252 1694 Asiam
1274 1625 1569 1718 proficisceretur.
1620 1630 1759 1704 Deinde
1781 1632 1889 1707 habet
1911 1643 2064 1712 occasio-

1074 1745 1156 1794 nem
1172 1749 1288 1798 novae
1304 1727 1635 1804 commendationis.
1682 1735 1851 1831 Sequitur
1866 1741 2006 1831 petitio,
2025 1759 2066 1814 ut

1074 1826 1221 1898 adiuvet
1238 1828 1461 1905 Caerelliam.
1516 1832 1625 1904 Ratio
1645 1837 1829 1929 petitionis
1847 1855 1990 1936 sumpta
2013 1860 2065 1918 est

1074 1951 1096 1998 a
1110 1930 1207 2000 facili
1219 1955 1280 2003 seu
1295 1933 1468 2025 possibili.
1517 1933 1561 2005 ln
1576 1938 1646 2008 fine
1659 1940 1807 2032 ponitur
1824 1942 1992 2018 clausula.

1217 2169 1405 2246 Scholia
1431 2177 1477 2246 iu
1503 2125 1750 2270 epistolam
1776 2183 1928 2259 LXXIII.

1179 2325 1210 2421 ἓ.
1228 2331 1263 2400 1.
1287 2333 1450 2402 Gratulor
1464 2325 1544 2428 titt]
1558 2329 1825 2425 Deprecatoria.
1865 2339 2063 2416 Exordium
2088 2334 2092 2342 ¹
2154 2365 2163 2376 ¹

1075 2451 1094 2498 a
1118 2431 1369 2522 gratulatione.

1179 2546 1210 2642 ἓ.
1225 2555 1261 2624 2.
1286 2556 1369 2625 Cum
1385 2553 1584 2645 Antipatro]
1605 2551 1790 2628 Narratio.
1846 2564 2064 2660 Aeantem]
2185 2625 2191 2640 ,
2223 2568 2230 2581 ’

1075 2646 1300 2744 Deprecatio.

1368 2820 1769 2922 Argumentuml').

1178 2956 1442 3052 Gratulaturss)
1458 2952 1627 3050 Philippo
1641 2959 1795 3048 reditum
1810 2987 1852 3036 ex
1865 2969 2064 3058 provincia,
2141 2987 2145 2994 '

1077 3061 1198 3131 addita
1213 3059 1469 3151 significatione
1488 3083 1573 3130 suae
1595 3064 1822 3154 gratitudinis
1843 3091 1911 3160 pro
1934 3073 2064 3148 officio.

1074 3163 1214 3234 Deinde
1236 3164 1388 3233 eundem
1412 3173 1533 3252 rogat,
1567 3176 1608 3234 ut
1629 3164 1710 3237 filiis
1723 3164 1907 3259 Antipatri
1928 3190 2064 3266 pareat.
2140 3219 2146 3226 ·

1074 3265 1273 3338 Exordium
1289 3278 1428 3337 constat
1443 3264 1681 3356 gratulatione
1698 3280 1733 3338 et
1747 3259 2067 3360 gratiarumactio-

1075 3393 1133 3440 ne.
1185 3367 1355 3441 Narratio
1373 3379 1426 3439 est
1441 3368 1485 3436 de
1501 3367 1746 3460 indignatione
1760 3369 1921 3468 Philippi
1941 3380 2067 3450 adver-

1076 3497 1136 3544 sus
1149 3465 1404 3564 Antipatrum,
1428 3469 1549 3539 addita
1566 3473 1836 3563 deprecatione,
1862 3490 1903 3546 ut
1920 3479 2065 3552 interim

1076 3589 1198 3645 tamen
1215 3572 1290 3644 eius
1303 3573 1394 3644 filios
1409 3571 1494 3640 velit
1506 3573 1623 3643 salvos
1644 3597 1728 3646 esse.
1785 3577 1894 3647 Ratio
1914 3582 2067 3654 sumitur

1078 3701 1121 3746 cx
1145 3672 1310 3747 honesto.
1366 3671 1408 3743 ln
1432 3673 1501 3742 fine
1529 3685 1582 3744 est
1601 3674 1725 3772 ‘brevis
1753 3678 1898 3772 petitio,
1938 3695 1978 3752 ut
2010 3708 2066 3756 re-

1078 3777 1222 3851 scribat.

1326 3940 1468 4014 Aliud
1500 3927 1831 4036 argumentum.

1062 4093 1069 4156 '.
1183 4077 1452 4172 Deprecatoria.
1523 4078 1722 4152 Exordium
1754 4095 1935 4175 sumptum
1964 4099 2017 4158 est
2045 4113 2066 4159 a

1082 4182 1337 4278 gratulatione,
1364 4182 1421 4252 cui
1437 4180 1580 4253 additur
1593 4182 1841 4275 promptitudo
1856 4185 1967 4258 animi
1988 4213 2068 4282 gra-
2181 4231 2183 4243 ·

1082 4287 1151 4358 tias
1174 4285 1304 4376 agendi
1323 4307 1391 4376 pro
1414 4283 1543 4356 officio.
1609 4282 1777 4380 Sequitur
1798 4289 1978 4375 narratio,
2010 4292 2069 4362 cui

116 4402 211 4464 ¹⁵⁴³..
236 4401 313 4450 ¹⁵⁶⁰·
340 4403 401 4451 aare
424 4405 507 4451 nouo
529 4406 580 4464 rw
604 4395 789 4488 supraema
805 4399 870 4446 auin
887 4395 1032 4460 sequentia
1082 4387 1269 4461 subiicitur
1284 4383 1498 4482 deprecatio.
1549 4381 1589 4454 ln
1604 4387 1673 4460 fine
1699 4399 1750 4460 est
1770 4389 1916 4481 petitio,
1949 4405 1990 4464 ut
2013 4418 2069 4465 rc·

113 4471 172 4523 cte.
190 4471 291 4520 varta:
316 4471 394 4522 tttoc
410 4469 556 4523 tttertom

78 4556 128 4616 n
146 4553 207 4606 ltoo
221 4557 460 4618 argumentum-ct
471 4565 592 4618 aequom
604 4551 634 4604 tn
649 4550 739 4604 ,nuta
749 4549 843 4616 tm,
854 4547 1032 4602 tato-tm.

114 4624 299 4675 metirentur.

79 4713 131 4770 tt)
149 4711 310 4774 Amostae]
328 4707 370 4759 clo
383 4707 452 4759 titas
466 4708 550 4758 uerte
576 4717 673 4758 omnes
691 4705 806 4768 excepta
823 4705 874 4758 Ed.
892 4703 986 4771 tm,
1004 4702 1032 4754 ln

117 4789 172 4843 qua
188 4778 292 4842 legitur
307 4778 473 4843 Augustum
496 4777 547 4828 Ed.
566 4775 653 4828 orell.
670 4775 807 4839 Agusius.

80 4865 132 4926 ιω
150 4863 206 4914 Pro
229 4863 273 4912 tta
295 4862 352 4914 cto.
376 4863 469 4914 vectu
490 4861 521 4912 tu
544 4861 627 4910 ttdttt.
648 4859 740 4924 tun,
765 4857 843 4910 taut).
867 4858 936 4909 tutn-
952 4859 1035 4911 noue

118 4931 243 4998 praedm
260 4935 326 4980 snut
341 4931 500 4996 ”quentiae
526 4929 702 4994 Pergratum
718 4928 801 4979 mttt.
820 4961 823 4968 ·

82 5019 131 5077 ιι)
149 5019 210 5069 tloc
225 5019 415 5083 argumentum
432 5019 460 5067 et
477 5016 642 5080 sequemet
658 5011 840 5077 mittum,
859 5011 1036 5064 {tob-tm.

116 5087 302 5150 reperiuntur.

1083 4491 1226 4564 scribat.

1083 4665 1290 4686 ffl-

1117 4764 1168 4882 491)
1185 4764 1245 4842 uoq
1261 4714 1452 4876 stigo-auton
1469 4757 1497 4808 ct
1509 4768 1628 4822 aequem
1641 4757 1670 4809 in
1682 4758 1767 4814 nutu
1783 4758 1871 4826 1556..
1892 4763 2072 4820 ttae-taso.

1164 4841 1282 4881 nvenruu
1295 4839 1337 4878 or.
1444 4865 1447 4874 .

1121 4936 1171 4993 ω)
1190 4929 1342 4991 Caerellia]
1360 4929 1426 4982 illae
1443 4929 1528 4983 ruet.
1546 4931 1573 4984 t.
1585 4929 1605 4986 l.
1623 4935 1652 4982 et
1669 4929 1698 4982 lu
1715 4945 1809 4998 seqq:
1832 4933 1950 4988 corella.

1121 5033 1171 5099 ot)
1190 5030 1510 5095 santonensium,
1529 5031 1622 5096 tudda
1652 5031 1740 5084 udttt.
1759 5031 1851 5099 ltin,
1874 5034 1951 5086 uteo.
1969 5037 2006 5086 ct.

85 5171 131 5232 a)
152 5167 328 5238 concretae]
353 5169 395 5220 sto
415 5171 466 5220 ro.
485 5168 586 5222 orare·
620 5165 704 5218 run.
725 5163 817 5229 rosa,
843 5166 937 5228 isso..
965 5163 1038 5216 raso.
1123 5137 1173 5197 θ’)
1189 5137 1249 5187 ¹³⁰⁰
1265 5134 1455 5199 argumentum
1472 5135 1500 5183 ⁰²
1512 5144 1630 5197 aequm
1641 5132 1669 5184 ¹¹¹
1681 5133 1766 5184 ¹⁶¹st
1776 5133 1864 5196 lilio
1883 5133 2073 5188 ¹⁵⁶⁵-1m

118 5311 234 5362 reatae.

84 5396 132 5454 ιθ)
154 5395 230 5448 usco
246 5395 313 5446 nota
325 5396 354 5444 et
365 5401 487 5456 amnem
500 5389 721 5458 tundtttttu,
738 5391 828 5452 test..
840 5387 916 5440 tati.
932 5387 1039 5441 dosunt.
1161 5377 1303 5430 emulor·

117 5241 270 5304 caetrae,
302 5238 390 5291 ttrite.
409 5241 501 5304 aare,
527 5203 618 5303 rosi,
645 5233 860 5333 cougnon,
886 5235 962 5288 soor.
986 5233 1041 5286 oc·

1158 5205 1341 5256 ouuttncutur.

1124 5308 1174 5368 Sd)
1192 5307 1370 5367 uertuntur]
1386 5303 1427 5358 alo
1443 5303 1529 5356 Mltt.
1548 5305 1640 5369 lud,
1659 5303 1752 5367 ima
1788 5300 1872 5354 rtttt
1886 5299 1980 5366 1571„
1998 5301 2092 5356 Μ’

1483 5435 1567 5515 32*
