4648 5794
43 177 110 254 587
159 177 281 252 XXIII.
322 165 634 252 ARGUMENTA
658 175 724 250 ΕΤ
751 173 954 250 SCHOLIA
977 175 1027 252 IN
1053 175 1200 254 EPIST.
1223 177 1337 256 FAM.
1364 179 1449 256 cte.
1476 183 1565 258 LIB.
1574 187 1650 261 XV.
1674 189 1749 265 ΕΡ.
1764 196 1940 278 18-16.
1990 191 2066 272 558

41 363 154 420 tonem
175 375 195 420 a
217 377 254 422 se
276 351 355 444 ipso
379 351 418 419 in
431 348 551 420 Africa
576 361 804 422 conventum.
856 349 943 418 Vult
958 373 1021 418 au-

40 465 104 522 tem
126 451 251 523 Cicero
273 455 463 524 defendere
482 477 588 524 suum
612 452 820 536 consilium,
862 451 926 546 qui
947 475 1019 521 una

37 579 111 624 cum
131 555 254 628 Cassio
267 569 347 627 erat
361 555 401 626 iu
416 556 512 626 bello
528 554 625 624 civili
640 578 716 624 non
737 555 965 646 adiungendo
984 578 1021 624 se

38 659 91 726 vel
106 657 250 730 Caesari
271 659 328 729 vel
341 658 529 751 Pompeio.
580 657 704 751 ltaque
731 657 854 728 scribit
876 659 921 726 ad
938 656 1022 727 Cas-

35 761 145 845 sium,
170 757 438 832 honestissimas
453 785 576 832 causas
591 759 696 831 fuisse
711 761 787 830 cius
803 759 962 843 consilii,
987 771 1023 828 et

36 863 171 958 siquid
194 876 355 936 erratum
378 865 445 947 sit,
476 864 514 933 id
536 874 652 934 totum
674 865 841 932 fortunae
865 862 1023 932 tribuen-

38 969 117 1037 dum
135 990 223 1038 esse.
270 965 469 1038 Exordium
492 961 601 1037 habet
621 965 916 1056 occupationem,
941 977 1021 1055 post

37 1093 140 1164 quam
163 1066 313 1161 ponitur
334 1068 548 1160 propositio.
613 1066 752 1138 Deinde
783 1084 834 1138 est
860 1066 1022 1136 narratio

35 1172 87 1243 sui
101 1169 263 1256 consilii,
298 1164 397 1268 quod
418 1171 635 1242 conterendo
659 1195 741 1242 eum
768 1170 922 1240 aliorum
946 1167 1023 1260 opi-

34 1275 201 1346 nionibus
234 1275 319 1362 satis
352 1274 539 1368 probabile
570 1274 677 1366 [uisse
704 1274 871 1345 ostendit.
937 1270 1021 1341 Ideo

33 1378 139 1447 etiam
170 1376 375 1467 longissime
398 1378 438 1446 in
460 1401 502 1447 eo
521 1378 738 1468 exponendo
766 1387 1023 1459 commoratur,

34 1479 276 1572 etsignificat,
301 1503 392 1574 quae
415 1477 524 1550 fuerit
546 1479 621 1550 eius
642 1479 830 1550 sententia.
889 1475 930 1546 In
953 1479 1022 1546 fine

30 1580 135 1654 huius
153 1581 385 1674 expositionis
402 1581 555 1665 indicat,
582 1605 674 1676 quac
696 1583 803 1652 luerit
826 1579 1021 1672 expectatio

32 1689 206 1756 adventus
224 1684 385 1756 Caesaris
409 1685 447 1753 in
463 1682 615 1756 Italiam.
664 1685 777 1756 Addit
799 1683 1023 1776 petitionem,

30 1800 67 1858 ut
81 1787 228 1858 Cassius
245 1811 347 1858 suam
363 1790 407 1858 de
423 1787 574 1860 Caesare
589 1787 804 1858 sententiam
825 1787 870 1856 ad
886 1810 922 1858 se
942 1808 1022 1878 per·
1093 1838 1102 1854 .

30 1891 182 1961 scribere
199 1890 296 1963 velit.

272 2057 412 2130 Aliud
446 2069 784 2150 argumentum.

128 2195 361 2268 Excusatoria
398 2207 452 2265 est
484 2193 656 2288 epistola,
709 2193 828 2265 addita
864 2191 1021 2288 querela.

28 2301 182 2372 Excusat
197 2299 293 2368 enim
309 2322 346 2369 se
362 2309 397 2366 et
406 2298 566 2369 Cassium
583 2298 627 2367 de
640 2296 735 2367 bello
752 2296 867 2382 civili,
893 2295 932 2365 in
949 2319 1020 2390 quo

28 2417 179 2498 uterque
194 2401 244 2473 ita
259 2426 296 2472 se
312 2401 470 2492 gesserit,
491 2414 532 2470 ut
545 2396 761 2494 reprehendi
777 2398 924 2468 minime
940 2423 1021 2490 pos-

29 2509 116 2591 sint,
144 2519 180 2575 et
194 2505 300 2575 simul
315 2503 547 2598 conqueritur
562 2505 605 2572 de
622 2502 812 2574 sceleribus
829 2515 863 2571 et
877 2501 1022 2572 seditio·

29 2609 133 2680 uibus
147 2607 188 2676 in
202 2605 396 2700 republica.
446 2605 644 2676 Exordium
660 2607 851 2697 figuratum
878 2617 930 2676 est
950 2603 1021 2672 cul-

28 2713 162 2782 latione
195 2711 239 2780 dc
267 2707 534 2800 praedicatione
557 2709 744 2802 utriusque
764 2707 960 2778 voluntatis
986 2718 1022 2776 et

30 2817 70 2886 de
85 2836 195 2885 causa
212 2811 402 2883 scribendi.
451 2809 623 2882 Narratio
637 2807 747 2880 habet
761 2809 1019 2902 expositionem

30 2916 261 2988 consiliorum
280 2927 315 2984 et
329 2912 452 2984 iudicii
473 2915 518 2984 de
540 2913 635 2984 bello
659 2912 766 2986 civili.
823 2912 912 2984 Post
935 2935 1020 2980 nar-

30 3023 207 3090 rationem
223 3016 372 3109 ponitur
388 3015 505 3087 brevis
530 3015 688 3110 querela.
741 3013 933 3086 Conclusio
956 3010 1020 3084 ha·

31 3127 86 3194 bet
102 3117 395 3193 adhortationem
411 3120 458 3190 ad
471 3118 712 3191 scribendum.

276 3289 414 3362 Aliud
445 3300 773 3381 argumentum.

128 3426 327 3500 Exordium
343 3451 363 3496 a
380 3425 700 3510 circumductione,
733 3449 754 3496 a
768 3449 833 3497 suo
841 3422 888 3522 ¹¹⁸)
903 3422 1018 3494 officio

30 3544 225 3626 sumptum.
276 3529 431 3600 Additur
452 3529 638 3601 correctio.
695 3527 835 3598 Deinde
858 3527 1019 3622 sequitur

28 3637 172 3728 longior
193 3633 356 3703 narratio
387 3633 432 3702 dc
460 3629 643 3704 sententiis
665 3643 700 3701 et
724 3633 768 3702 de
790 3631 885 3700 exitu
906 3629 1019 3700 civilis

27 3739 112 3810 belli
128 3737 223 3808 inter
238 3735 426 3808 Caesarem
444 3747 479 3805 et
494 3732 720 3827 Pompeium.
770 3730 939 3824 Inprimis
956 3756 1018 3802 au-

30 3857 99 3912 tem
130 3838 199 3911 hac
229 3837 438 3910 narratione
460 3837 538 3907 vult
560 3835 779 3927 significare,
815 3858 853 3905 se
878 3859 1018 3926 semper

28 3944 183 4016 extitisse
205 3955 369 4013 autorem
389 3938 498 4036 pacis.
563 3938 606 4009 ln
628 3939 698 4008 line
726 3936 944 4008 narrationis
967 3949 1020 4007 est

27 4047 146 4118 brevis
174 4047 331 4140 querela.
390 4042 563 4136 Epilogus
583 4038 692 4111 babet
716 4035 1018 4126 adhortationem,

28 4164 66 4222 ut
81 4153 129 4221 de
146 4147 312 4226 omuibus
326 4147 432 4219 rebus
448 4143 718 4238 diligentissime
732 4143 915 4216 rescribat.

273 4310 411 4384 Aliud
442 4323 772 4405 argumentum.

127 4448 195 4522 Est
216 4448 379 4520 narratio
404 4473 553 4521 suorum
581 4446 811 4518 consiliorum
843 4449 888 4517 de
922 4445 1016 4518 exitu

25 4553 108 4625 belli
135 4552 270 4639 civilis,
307 4577 350 4623 ac
382 4549 602 4645 praedicatio
630 4549 742 4622 Cassii
774 4549 1016 4635 consiliorum,

27 4659 89 4752 qui
104 4655 251 4730 Caesari
273 4680 310 4726 se
331 4654 573 4739 coniunxerit,
608 4651 753 4746 eiusque
781 4653 937 4726 consiliis
962 4653 1017 4721 in-

26 4760 138 4832 tersit.
188 4757 363 4852 Deplorat
389 4770 508 4827 autem
534 4779 636 4828 suam
663 4754 886 4840 felicitatem,
918 4757 1015 4850 quod

26 4861 60 4934 iu
86 4861 192 4934 ltalia
226 4859 292 4947 sit,
332 4883 353 4930 a
387 4884 459 4955 qua
486 4858 617 4930 Caesar
641 4869 716 4926 tam
742 4856 804 4928 diu
830 4856 941 4942 absit,
981 4870 1017 4927 et

21 4977 147 5060 rogat,
173 4964 261 5060 quid
285 4975 421 5057 speret,
445 4974 487 5034 ut
510 4961 695 5056 significet.
744 4955 853 5031 luitio
880 4972 933 5034 est
956 4985 1016 5031 oc-

21 5069 182 5164 cupatio.
332 5077 333 5082 ’

49 5342 101 5402 ss)
119 5349 138 5389 ι
158 5337 227 5459 :aar
250 5331 295 5388 nte
316 5331 404 5388 uua
421 5332 518 5400 ross..
535 5330 633 5401 rsus
664 5330 751 5386 rure.
770 5329 865 5399 rur„
884 5329 962 5388 uos.
984 5331 1014 5383 n

85 5419 106 5460 Ι
122 5419 158 5459 m
176 5440 186 5456 .

1211 353 1542 446 Argumentum
1575 358 1806 452 epistolae
1831 363 1924 439 XVI.

1172 503 1369 606 Iocatur⁶⁹)
1387 509 1426 578 in
1441 509 1602 590 Cassium
1620 511 1839 605 Epicureum
1859 521 2006 606 sactum,
2032 535 2067 594 et
2135 591 2137 596 ,

1071 605 1332 700 Epicureorum
1348 611 1500 703 ineptias
1513 615 1666 691 deridet.

1249 779 1256 794 ⁵
1298 779 1438 854 Aliud
1461 787 1850 890 argumentorum).

1174 915 1287 988 Plena
1302 932 1355 990 est
1371 919 1460 992 iocis
1476 934 1509 992 et
1522 921 1649 996 ironiis
1665 925 1828 1019 epistola.
1873 927 1968 1001 Nam
1985 953 2066 1000 cum

1075 1015 1215 1091 Cassius
1246 1034 1329 1090 ante
1358 1045 1498 1094 caesum
1520 1025 1736 1120 Pompeium
1765 1032 1889 1101 suisset
1914 1032 2066 1117 Stoicus,

1074 1133 1198 1212 postea
1214 1124 1424 1196 coniunctus
1443 1151 1524 1197 cum
1540 1127 1692 1200 Caesare
1707 1132 1854 1203 descivit
1875 1135 1920 1202 ad
1933 1131 2065 1227 Epicu-

1074 1245 1172 1292 ream
1184 1238 1329 1300 sectam.
1354 1225 1505 1300 Mirifice
1519 1230 1627 1322 igitur
1640 1234 1734 1304 ridet
1743 1258 1854 1327 nugas
1868 1245 1903 1305 et
1913 1237 2066 1320 somnia,

1075 1350 1166 1420 quae
1183 1325 1392 1401 'docuerunt
1412 1331 1592 1423 Epicurei.
1650 1330 1758 1405 Initio
1780 1349 1900 1406 autem
1925 1351 2067 1410 accusat

1074 1427 1325 1520 negligentiam
1353 1432 1466 1504 Cassii
1491 1434 1531 1502 in
1561 1436 1750 1508 scribendo
1783 1440 1968 1512 conserens
1998 1463 2064 1531 per

1075 1525 1325 1632 ambasciam)
1343 1559 1444 1605 suam
1468 1535 1710 1630 diligentiam,
1743 1565 1852 1634 quam
1875 1541 1956 1613 ideo
1980 1542 2066 1612 dicit

1075 1656 1149 1703 esse
1180 1635 1375 1721 maiorem,
1409 1637 1512 1732 quia,
1546 1665 1625 1711 cum
1640 1642 1790 1726 scribit,
1825 1655 1902 1713 tum
1924 1644 2065 1716 Cassius

1075 1735 1185 1808 oculis
1201 1738 1274 1810 suis
1294 1737 1436 1812 videtur
1463 1741 1658 1816 observari.
1717 1744 1810 1814 Hinc
1831 1747 1941 1816 sumit
1965 1769 2066 1816 occa-

1073 1862 1211 1909 sionem
1228 1841 1372 1912 iocandi
1389 1855 1425 1912 et
1438 1842 1614 1916 irridendi
1633 1845 1787 1939 ineptias
1802 1846 1996 1940 Epicureas
2020 1851 2064 1918 de

1073 1941 1161 2014 ideis
1175 1955 1210 2013 et
1224 1940 1445 2016 simulachris
1462 1970 1596 2034 rerum,
1618 1974 1710 2044 quac
1725 1951 1976 2043 concipiuntur
1990 1951 2066 2020 ani·

1072 2045 1141 2116 mis
1157 2045 1402 2138 cogitantium.
1440 2048 1533 2120 Nam
1542 2050 1711 2145 Epicurei
1723 2065 1758 2122 et
1773 2053 1867 2122 inter
1879 2049 1946 2124 hos
1961 2075 2066 2146 prae-

1073 2148 1197 2240 cipuus
1220 2149 1395 2248 cariusffl)
1417 2150 1586 2245 quidam,
1621 2153 1720 2226 cuius
1742 2149 1801 2224 hic
1820 2155 1986 2225 meminit
2008 2154 2066 2225 Ci·
2175 2239 2182 2250 ἱ

1074 2273 1175 2335 cero,
1200 2253 1379 2322 finxerunt
1399 2252 1572 2346 imagines
1592 2256 1826 2348 cogitantium
1842 2259 1886 2328 de
1907 2281 2067 2352 quacun·

1073 2376 1143 2447 que
1166 2377 1206 2424 re
1230 2356 1326 2448 apud
1349 2355 1510 2426 animum
1533 2371 1716 2428 concretas
1737 2359 1847 2428 etiam
1872 2359 1984 2430 oculis
2005 2381 2065 2429 oc·

1074 2479 1228 2528 currere.
1294 2456 1391 2527 Haec
1422 2458 1657 2531 deliramenta
1681 2459 1820 2530 deridet
1845 2459 1990 2545 Cicero,
2029 2472 2065 2530 et

1071 2570 1192 2652 postea
1210 2582 1276 2652 per
1291 2559 1410 2630 iocum
1426 2560 1557 2634 invitat
1574 2561 1754 2648 Cassium,
1780 2576 1821 2634 ut
1835 2563 1923 2633 velit
1945 2561 2063 2634 redi're

1073 2663 1118 2730 ad
1134 2661 1291 2733 Stoicam
1309 2676 1454 2736 sectam.

1314 2831 1457 2906 Aliud
1493 2849 1823 2929 argumentum.

1171 2963 1280 3038 lnitio
1295 2964 1528 3064 reprehendit
1542 2970 1722 3043 silentium
1741 2970 1854 3044 Cassii
1871 2972 2062 3043 collatione

1070 3093 1156 3142 suae
1178 3070 1386 3162 diligentiae
1408 3072 1447 3140 in
1470 3071 1674 3146 scribendo.
1737 3072 1877 3146 Deinde
1898 3075 2062 3147 urbanis·
2133 3145 2139 3150 .

1070 3173 1159 3244 sime
1175 3197 1256 3243 cum
1271 3193 1313 3242 eo
1327 3173 1468 3244 iocatur
1484 3175 1527 3244 de
1542 3177 1688 3267 spectris
1699 3175 1973 3269 Epicureorum,
1999 3177 2063 3273 qui

1070 3274 1272 3346 sentiebant
1289 3275 1497 3369 simpliciter
1518 3277 1562 3347 de
1582 3277 1730 3372 singulis
1750 3280 1960 3372 corporibus
1982 3295 2068 3352 sen-¹

1070 3378 1189 3450 sibiles
1213 3377 1386 3470 imagines
1407 3378 1521 3451 lundi.
1572 3380 1771 3453 Postremo·
1787 3383 1867 3453 loco
1882 3383 2064 3476 vituperat

1071 3507 1171 3567 eum,
1196 3483 1293 3580 quod
1308 3482 1355 3552 sit
1369 3483 1482 3554 lactus
1498 3481 1718 3577 Epicureus,
1751 3487 1941 3568 ostendens
1961 3509 1997 3557 se
2021 3497 2063 3554 ut

1070 3585 1224 3654 amicum
1240 3586 1408 3654 daturum
1425 3608 1592 3677 operam,
1617 3599 1658 3656 ut
1675 3587 1806 3657 iterum
1822 3588 1860 3655 in
1875 3587 2062 3656 Academi-

1071 3711 1148 3757 cam
1163 3685 1221 3756 vel
1234 3685 1390 3756 Stoicam
1407 3698 1558 3774 sectam,
1582 3691 1677 3758 unde
1692 3687 1729 3756 vi
1744 3687 1900 3760 deiectus
1917 3701 1980 3774 est,
2004 3710 2060 3758 re·

1069 3790 1248 3861 stituatur.

1313 3955 1454 4028 Aliud
1480 3970 1805 4050 argumentum.

1169 4090 1331 4187 Epistola
1348 4107 1401 4168 est
1415 4087 1547 4170 iocosa.
1598 4093 1797 4168 Exordium
1821 4091 1980 4166 continet
2001 4119 2059 4166 re·

1068 4191 1342 4291 prehensionem
1386 4197 1651 4274 taciturnitatis.
1728 4197 1898 4294 Sequitur
1937 4196 2057 4269 irrisio
2125 4272 2126 4280 χ

1069 4313 1182 4371 sectae
1195 4299 1457 4395 Epicureorum
1472 4313 1648 4396 tanquam
1661 4301 1845 4372 doctrinae
1869 4295 1993 4387 nihili,
2017 4312 2060 4372 ut

1069 4427 1160 4498 quae
1178 4403 1359 4475 interdum
1376 4402 1580 4474 stultissime
1593 4403 1730 4476 rixetur
1747 4406 1791 4476 de
1812 4405 1920 4476 rebus
1940 4416 1976 4473 et
1995 4427 2058 4474 vo·

1069 4506 1215 4578 cabulis.
1265 4505 1428 4579 Irrisioni
1450 4505 1594 4585 additur
1608 4506 1785 4600 praecisio
1800 4532 1880 4578 cum
1897 4506 1977 4578 ioco
1993 4529 2058 4599 pcr

1067 4665 1273 4680 m

1100 4745 1151 4803 aa)
1170 4741 1239 4793 unio
1268 4741 1330 4793 von
1352 4741 1380 4792 a
1402 4742 1487 4793 rats
1508 4741 1718 4806 isca-raca,
1742 4743 1836 4807 uss..
1859 4703 2059 4806 ru⁷.,'1ssa.'

1135 4813 1258 4876 praefixa
1274 4816 1342 4861 sunt
1355 4812 1410 4862 cto.
1428 4814 1514 4862 rerba
1532 4808 1577 4877 (ς,
1588 4813 1643 4870 ma
1667 4813 1743 4864 Puto
1760 4813 1790 4866 te
1805 4814 1865 4866 tm
1881 4815 2056 4879 suppoamg
2160 4871 2174 4881 ·

1136 4880 1234 4998 qpttus
1252 4882 1303 5000 quo
1319 4883 1511 4945 urgumutuu
1526 4882 1555 4930 tu
1573 4880 1623 4934 ltu.
1644 4881 1720 4935 tuat.
1745 4880 1773 4932 tu
1795 4883 1921 4948 uorgtoe
1943 4881 2056 4936 sucri-

1134 4963 1210 5012 puu
1228 4961 1282 5004 es.

1098 5051 1151 5112 60)
1166 5053 1225 5102 ttoo
1242 5051 1434 5116 argumentum
1454 5053 1482 5105 ot
1502 5052 1555 5105 duo
1574 5051 1719 5117 sequentis
1736 5054 1764 5106 tu
1780 5055 1863 5106 ttdttt.
1876 5053 1970 5118 tm,
1989 5053 2056 5105 ¹56³

1133 5120 1253 5171 -rass,
1271 5121 1457 5171 Invertuntur.
2065 5163 2068 5170 ,

1099 5223 1148 5283 st)
1165 5213 1325 5284 enisam]
1343 5224 1394 5278 ru.
1414 5225 1490 5281 raas.
1508 5201 1669 5278 maleno.

1096 5323 1336 5450 semeiam
1352 5327 1527 5385 reserate.
1541 5328 1631 5396 aare,
1651 5327 1744 5392 uu.;
1768 5295 1853 5382 rua
1867 5324 1955 5395 arra,
1975 5327 2052 5384 raes.
