4648 5794
265 133 339 210 559

263 301 601 384 comminationem,
627 297 725 394 quod
739 293 825 366 velit
848 291 1071 385 expostulare
1094 317 1175 364 cum
1198 315 1254 376 eo,

139 453 145 468 ι
265 409 329 504 qui
342 418 468 501 sponte
482 405 521 473 in
535 415 666 475 sectam
681 399 941 492 Epicureorum
962 419 982 462 a
998 393 1255 487 Peripatetico-

265 535 346 582 rum
373 521 467 581 secta
500 507 717 578 discesserat.
780 498 937 571 Additur
958 497 1131 568 correctio
1154 496 1255 568 istius

265 637 351 686 suae
364 610 570 684 sententiae.
620 605 793 698 Epilogus
815 598 924 671 habet
944 599 1091 670 brevem
1114 623 1255 671 excusa-

265 716 423 800 tionem,
449 735 559 809 quare
573 721 760 800 tantopere
776 705 913 774 iocatus
927 701 984 773 sit.

399 934 729 1023 Argumentum
756 921 985 1016 epistolae
1011 917 1118 992 XVII.

366 1079 653 1174 Narrationesffi)
669 1079 713 1147 de
730 1077 836 1146 rebus
857 1073 1017 1146 urbanis.

488 1249 622 1320 Aliud
649 1257 961 1338 argumentum
976 1241 1036 1338 ⁶⁸).

366 1386 599 1468 Nuntiatoria
621 1397 674 1456 est
695 1381 855 1474 epistola.
905 1377 1045 1448 Indicat
1063 1378 1157 1448 enim
1176 1377 1258 1450 Cas-

267 1501 334 1583 sio,
361 1517 452 1591 quae
470 1490 516 1561 sit
530 1485 726 1578 expectatio
744 1484 908 1554 derebus
925 1481 1138 1573 Hispanicis.
1163 1482 1257 1554 Nam

266 1602 333 1673 lilii.
345 1593 511 1687 Pompeii
528 1589 681 1660 collectis
699 1589 817 1656 denuo
842 1585 951 1656 armis
974 1583 1111 1678 aliquid
1134 1598 1257 1655 contra

267 1706 457 1776 Caesarem
475 1704 678 1765 moverunt.
730 1687 914 1780 Principio
944 1699 1086 1756 excusat
1106 1688 1259 1758 brevita-

268 1821 339 1878 tem
354 1805 554 1876 litterarum
571 1793 843 1886 importunitate
859 1788 1141 1860 tabellariorum.
1187 1789 1260 1860 Ile-

268 1911 352 1980 inde
366 1915 510 1985 narrat,
535 1922 626 1993 quae
644 1897 683 1964 in
698 1896 786 1966 urbe
801 1892 1014 1974 acciderint,
1040 1893 1171 1983 partim
1188 1893 1260 1985 pri-

269 2024 372 2093 vata,
405 2004 537 2100 partim
562 2000 716 2093 publica.
771 1993 814 2066 ln
836 1997 905 2066 fine
928 1994 1126 2064 absentiam
1150 1994 1260 2068 Cassii

271 2115 315 2184 ab
330 2110 419 2184 urbe
440 2107 582 2201 probat.

509 2269 652 2342 Aliud
684 2277 1017 2359 argumentum.

371 2411 531 2504 Epistola
555 2419 607 2478 est
630 2403 865 2476 nuntiatoria.
930 2399 1129 2471 Exordium
1154 2401 1272 2472 sumi--

270 2534 328 2592 tur
346 2517 391 2586 ab
417 2509 642 2586 excusatione
664 2506 822 2576 raritatis
854 2517 890 2575 et
915 2502 1100 2574 brevitatis
1127 2502 1263 2573 littera-

269 2645 352 2693 rum
370 2631 406 2688 et
422 2613 669 2687 translatione.
722 2605 1062 2701 Sequuntur-variae
1086 2608 1262 2675 narratio-

269 2749 333 2795 nes
355 2724 399 2791 de
423 2718 530 2788 rebus
553 2712 714 2784 urbanis.
774 2709 816 2778 ln
831 2711 901 2779 line
916 2709 1048 2800 probat
1071 2709 1259 2780 consilium

271 2824 401 2910 Cassii,
427 2843 581 2915 eumque
599 2817 646 2886 ad
661 2813 888 2885 scribendum
903 2807 1129 2881 adhortatur.

519 2986 657 3058 Aliud
683 2994 1012 3076 argumentum.

375 3126 574 3198 Exordium
603 3122 762 3192 continet
794 3119 1056 3190 excusationem
1089 3114 1266 3188 intermis-

276 3231 386 3305 sionis
400 3230 602 3298 litterarum
627 3237 662 3292 et
682 3223 868 3292 brevitatis
892 3246 957 3314 per
981 3220 1264 3290 translationem.

176 3369 179 3374 ¹
272 3333 404 3405 Reiicit
424 3331 520 3398 enim
545 3327 687 3418 culpam
709 3324 749 3392 in
771 3323 867 3414 ipsos
888 3322 1104 3392 tabellarios.
1155 3322 1267 3391 Addi-

273 3451 332 3508 tur
356 3429 586 3526 pollicitatio,
620 3449 657 3496 se
681 3425 922 3518 copiosissime
947 3419 1095 3516 posthac
1118 3424 1264 3517 scriptu-

273 3564 366 3610 rum.
417 3534 506 3604 Post
522 3529 707 3600 exordium
724 3541 922 3624 sequuntur
936 3540 1008 3596 tres
1029 3526 1266 3598 narrationes.

275 3642 447 3734 Epilogus
462 3633 570 3706 habet
585 3631 774 3702 consilium
791 3657 870 3701 curn
887 3628 989 3699 brevi
1004 3623 1266 3701 adhortatione.

266 3867 269 3881 '
372 3860 704 3949 Argumentum
732 3850 959 3944 epistolae
982 3849 1172 3952 XVllI.⁰⁶).

379 4011 444 4086 Est
471 4022 506 4080 et
527 4004 617 4078 haec
638 4003 885 4086 nuntiatoria,
915 4005 977 4073 sed
992 4005 1148 4080 brevior.
1199 4009 1268 4082 Εχ.

279 4099 423 4192 ordinm
448 4109 558 4183 habet
572 4108 836 4180 excusationem
850 4105 1047 4178 brevitatis.
1098 4107 1267 4184 Narratio

277 4221 438 4295 eontinet
454 4219 599 4288 brevem
617 4209 911 4304 significationem
928 4232 1011 4278 suae
1024 4209 1118 4280 vitae
1134 4213 1173 4282 in
1191 4227 1268 4284 tan-

277 4327 322 4399 tis
336 4323 463 4394 turbis.
514 4317 617 4386 Hanc
634 4327 831 4410 sequuntur
848 4314 939 4382 duae
957 4311 1048 4381 aliae
1064 4317 1267 4388 narratiun-

277 4429 388 4498 culae.
440 4419 482 4494 ln
498 4423 567 4491 line
586 4431 638 4488 est
654 4415 820 4488 salutatio
836 4427 871 4484 et
884 4414 1020 4506 petitio.

284 4581 488 4598 ..μ-...βι-

314 4661 362 4716 aa)
383 4658 450 4707 ttuto
473 4654 535 4706 root
564 4653 594 4704 lu
617 4651 700 4702 nutet.
720 4651 928 4712 tato-tata,
955 4649 1048 4712 lbet,
1075 4649 1169 4712 1557„
1196 4655 1270 4708 ¹56⁰.

350 4727 498 4790 praefixum
515 4727 560 4772 est
577 4723 694 4784 primum
710 4721 790 4769 tutus
809 4719 947 4780 epistotae
965 4719 1078 4768 verbum
1098 4720 1272 4785 Prospecta-

350 4792 521 4923 :ppipncuusstn
533 4791 583 4844 tro.
598 4789 673 4841 15³7.
692 4791 726 4838 tn
739 4789 865 4851 margine
884 4788 934 4836 troc
952 4787 1142 4850 argumentum
1159 4797 1202 4839 est
1221 4790 1272 4841 ad-

313 4967 441 5027 sapnoe
458 4963 648 5024 argirmentnur
669 4962 697 5008 et
719 4958 771 5009 duo
796 4956 940 5020 sequentta
957 4953 984 5005 tn
1002 4957 1086 5012 notet.
1101 4963 1186 5024 1556,
1208 4965 1274 5016 taos

349 5031 468 5084 -1696,
485 5031 605 5079 suunt

317 5141 366 5197 aa)
386 5133 474 5186 llutos
491 5129 626 5193 epistotae
647 5125 700 5176 duo
718 5130 881 5189 argumenta
898 5131 980 5192 etque
1006 5129 1060 5180 tria
1082 5133 1223 5194 sequentis
1248 5135 1274 5184 ln

277 5225 280 5234 ⁴
352 5205 436 5257 ltdltt.
452 5201 547 5262 tosa,
567 5193 756 5246 toea-toea.
775 5198 959 5255 reportentur.
977 5223 1013 5234 —
1064 5201 1149 5250 Edltt.
1171 5203 1275 5253 raat-

837 115 962 192 PllII..
994 115 1110 196 MEL.
1142 115 1344 191 SCRIPTA
1382 111 1719 192 PREOLOGICA.

2191 127 2240 210 tto

1555 285 1694 360 Aliud
1716 293 2039 380 argumentum.

1406 423 1605 496 Exordium
1620 421 1731 495 babet
1751 427 2014 500 excusationem
2033 433 2195 508 brevitatis
2210 440 2249 510 lit·

1305 538 1476 599 terarum.
1503 528 1673 623 Sequitur
1687 527 1839 598 obiectio
1857 553 1937 599 cum
1953 535 2178 624 responsione.
2201 539 2251 610 De·

1306 628 1389 700 iude
1404 641 1457 700 est
1473 631 1585 700 altera
1602 630 1755 700 obiectio
1780 633 1823 700 de
1847 627 2089 727 philosophia,
2113 641 2154 706 ad
2173 665 2251 733 quau

1307 731 1356 800 ita
1376 735 1587 824 respondet,
1613 735 1710 827 quod
1725 735 1879 826 negotiis
1895 739 2104 828 reipublicae
2119 766 2150 810 se
2167 742 2251 834 ipsum

1306 833 1498 926 impediat,
1538 860 1610 929 quo
1637 836 1757 906 minus
1789 836 1902 928 possit
1927 851 2023 910 totus
2044 865 2113 912 esse
2133 843 2252 916 intentus

1309 931 1577 1028 plrilosophiae;
1612 937 1661 1006 ita
1678 949 1800 1006 tamen
1817 964 1854 1009 se
1870 963 2010 1033 semper
2024 967 2122 1034 agere
2136 945 2169 1014 in
2187 973 2253 1016 sun·

1309 1039 1376 1110 mis
1393 1039 1704 1132 occupationibus,
1731 1052 1771 1110 ut
1793 1041 1958 1114 videatur
1977 1069 2051 1114 non
2072 1046 2177 1117 miuus
2196 1073 2254 1140 ope·

1310 1165 1389 1210 ram
1415 1144 1501 1211 dare
1522 1138 1785 1234 philosophiae.
1839 1146 1995 1215 Additae
2012 1161 2092 1219 sunt
2105 1151 2184 1220 duae
2198 1177 2254 1220 nar·
2281 1221 2282 1250 ,

1310 1244 1544 1315 ratiunculae.
1594 1241 1637 1312 ln
1653 1246 1722 1314 line
1738 1245 1886 1336 ponitur
1901 1249 2073 1340 praecisio
2094 1277 2152 1344 per
2174 1265 2255 1322 trans
2281 1291 2282 1350 ,

1309 1347 1481 1417 lationem
1498 1371 1580 1416 cum
1596 1347 1826 1420 salutatione.

1450 1550 1780 1644 Argumentum
1814 1553 2046 1646 epistolae
2072 1553 2155 1629 XlX.

1413 1699 1655 1794 Responsoria
1671 1707 1783 1776 estad
1803 1705 2007 1798 superiores
2024 1707 2177 1800 epistolas
2188 1711 2252 1780 Cice·
2281 1737 2282 1774 l

1312 1802 1424 1888 ronis,
1447 1817 1482 1874 et
1496 1817 1570 1875 tota
1586 1806 1717 1879 iocosa.
1754 1806 1899 1900 Repetit
1916 1811 2013 1880 enim
2029 1811 2123 1882 iocos
2137 1825 2251 1884 etscou-
2281 1785 2282 1872 l

1313 1919 1409 1974 mata
1435 1907 1618 1980 Ciceronis
1645 1911 1688 1978 de
1711 1907 1898 2002 Epicureis
1923 1913 1962 1982 iu
1983 1913 2134 1998 Stoicos,
2169 1941 2253 2010 quan
2281 1903 2282 1918 ¹

1314 2033 1423 2104 quam
1448 2005 1516 2079 hoc
1539 2011 1578 2079 in
1601 2010 1671 2080 alia
1700 2014 1849 2105 epistola
1872 2037 1909 2084 se
1934 2017 2108 2086 facturum
2122 2019 2253 2109 copiosius

1211 2140 1213 2146 ¹
1313 2112 1503 2203 promittit.
1553 2112 1750 2207 Praecipue
1767 2117 1941 2186 autemid
1959 2119 2104 2210 repetit,
2129 2123 2206 2213 quod
2219 2121 2255 2190 Ci-

1315 2238 1396 2284 cero
1420 2239 1526 2306 supra
1545 2218 1588 2285 de
1604 2215 1722 2288 Pansa
1741 2217 1851 2303 dixit,
1878 2223 1970 2290 etin
1995 2245 2037 2290 eo
2060 2223 2189 2313 exponit
2204 2247 2255 2292 sen-

1314 2317 1462 2386 tentiam
1476 2317 1644 2410 Epicurei
1659 2321 1702 2389 de
1728 2323 1928 2413 appetenda
1953 2324 2129 2416 voluptate
2149 2339 2178 2394 et
2198 2351 2255 2418 quo-

1314 2421 1424 2489 modo
1448 2445 1525 2489 eam
1551 2423 1756 2514 contingere
1781 2425 1923 2495 sentiat.
1984 2425 2118 2496 Deinde
2136 2430 2173 2496 de
2192 2428 2254 2519 Sylla

1315 2523 1423 2592 etiam
1441 2523 1579 2593 iocatur
1593 2538 1628 2594 et
1644 2539 1848 2618 postremo,
1885 2526 1974 2621 quid
1995 2531 2038 2598 de
2053 2529 2187 2600 Caesare
2206 2553 2255 2600 ser·

1315 2625 1400 2710 tiat,
1427 2625 1584 2717 exponit.

1564 2797 1703 2867 Aliud
1730 2815 2055 2890 argumentum.

1417 2931 1659 3025 Responsoria
1685 2947 1755 3019 est,
1793 2935 1831 3004 in
1864 2962 1934 3030 qua
1968 2939 2121 3031 primum
2144 2935 2256 3006 defendit

1316 3036 1529 3106 sententiam
1544 3035 1691 3127 Epicuri
1708 3039 1751 3108 de
1774 3039 1980 3132 voluptate,
2012 3055 2051 3112 ut
2073 3043 2129 3136 qui
2148 3065 2207 3108 non
2223 3062 2257 3106 es·

1318 3139 1462 3208 cluserit
1495 3137 1678 3208 virtutem.
1746 3139 1877 3212 Postea
1909 3143 2012 3213 addit
2036 3171 2131 3215 surim
2160 3153 2257 3214 senteu-

1319 3241 1406 3308 tiam
1435 3242 1477 3310 de
1504 3265 1609 3312 causa
1637 3241 1799 3313 Caesaris
1822 3257 1857 3312 et
1882 3243 2061 3337 Pompeii.
2108 3242 2256 3317 Exordium

1317 3344 1470 3412 sumitur
1496 3367 1515 3410 a
1539 3345 1803 3434 praedicatione
1825 3372 1908 3416 suae
1934 3349 2134 3440 diligentiae
2155 3351 2185 3416 in
2203 3343 2257 3414 scri-

1318 3446 1456 3528 bendo,
1498 3445 1617 3514 addita
1657 3447 1758 3516 brevi
1792 3451 2037 3520 confutatione
2062 3451 2214 3523 irrisionis
2232 3448 2257 3512 de

1318 3547 1475 3640 spectris.
1526 3547 1693 3642 Sequitur
1719 3553 1879 3620 narratio
1900 3555 1944 3622 de
1969 3555 2192 3648 disputatione
2204 3547 2257 3638 Epi-

1319 3650 1414 3734 curi,
1456 3674 1546 3746 quae
1575 3647 1665 3720 nihil
1687 3666 1822 3744 pugnet
1848 3681 1928 3726 cum
1956 3653 2124 3743 honesto,
2159 3663 2258 3741 sumpla

1320 3753 1504 3824 occasione
1539 3779 1580 3822 ex
1611 3757 1832 3846 profectione
1859 3759 1999 3828 Pansae
2035 3761 2185 3831 consulis.
2233 3749 2257 3818 11¹

1320 3857 1389 3924 hue
1406 3870 1457 3926 est
1474 3857 1619 3948 petitio,
1644 3869 1684 3927 ut
1701 3861 1872 3929 rescribat
1888 3861 2078 3934 interserto
2094 3888 2151 3934 suo
2166 3853 2257 3930 iuditio

1320 3961 1362 4028 (le
1380 3959 1530 4029 Caesare
1555 3973 1588 4030 et
1604 3959 1792 4053 Pompeio.

1565 4149 1699 4220 Aliud
1726 4119 2055 4244 argumentum.

1422 4279 1583 4371 Epistola
1625 4297 1676 4354 est
1714 4288 1943 4377 responsoria
1984 4289 2030 4356 ad
2061 4283 2258 4379 praecedentes

1322 4385 1410 4453 duris
1431 4384 1597 4474 epistolas
1614 4387 1806 4460 Ciceronis.
1856 4387 2053 4460 Exordium
2078 4387 2173 4458 habet
2190 4400 2258 4474 prat·

1322 4487 1535 4556 dicationem
1563 4514 1647 4558 suae
1675 4491 1897 4582 diligentiae,
1939 4517 2047 4586 quam
2068 4499 2205 4584 praestat
2223 4480 2282 4547 lit-l

1324 4589 1407 4658 teris
1439 4591 1644 4661 scribendis.
1712 4593 1868 4664 Additur
1900 4594 2017 4666 brevis
2049 4587 2210 4685 responsio
2233 4582 2258 4648 dt

1323 4692 1469 4784 spectris
1504 4693 1672 4766 Catianis.
1746 4697 1885 4766 Deinde
1918 4697 2078 4791 sequitur
2107 4683 2257 4786 propositio

1324 4795 1575 4886 gratulatoria:
1609 4796 1760 4883 Laetor,
1788 4803 1884 4894 quod
1899 4801 2016 4870 Pausa
2033 4825 2069 4870 se
2083 4800 2177 4866 talem
2190 4808 2258 4882 prae·
2281 4781 2282 4874 l

1323 4900 1406 4966 beat
1420 4921 1485 4992 pro
1503 4897 1717 4992 reipublicae
1742 4903 1867 4973 salute.
1917 4904 2004 4973 Post
2027 4896 2258 4995 propositionem

1327 5013 1379 5068 cst
1411 4999 1553 5090 longior
1587 5005 1806 5089 confutatio,
1847 5005 2041 5096 Epicurum
2067 4999 2150 5072 nihil
2172 5001 2257 5063 conus

1326 5099 1551 5174 honestatem
1590 5106 1794 5198 praecipere
1837 5109 1874 5175 in
1915 5110 2071 5178 docenda
2111 5100 2257 5185 voluptate·

1328 5206 1517 5276 Conclusio
1537 5205 1643 5278 habet
1665 5209 1895 5302 petitionem,
1920 5224 1961 5280 ut
1981 5207 2140 5280 rescribat
2153 5197 2258 5282 diligen-

355 5275 450 5336 sata,
469 5267 556 5329 1557,
577 5267 663 5320 ¹560..
684 5263 760 5315 teor.
779 5275 868 5326 neque
886 5269 1051 5330 argumenta
1068 5281 1156 5334 neque
1173 5272 1277 5322 sctiotta
1345 5307 1353 5323 .
1393 5308 1401 5322 .

354 5337 539 5391 Melanthonts
557 5335 584 5385 tn
601 5337 651 5384 tias
668 5333 737 5382 dues
756 5331 892 5393 eptstotas
910 5336 1045 5396 extabant.

1329 5321 1472 5378 trssrrue.
