4582 5798
7 193 90 270 017
259 191 350 268 ant.
393 189 793 269 nvrnaranrauo
818 191 1061 270 nucumn
1084 127 1778 314 nncooffl1aoauosrrnnnu.
1938 200 2038 276 101e

7 388 48 458 pe
65 365 173 434 vitae
191 364 377 460 proposita
393 365 603 460 promittam
619 391 678 438 me
700 367 748 438 ad
762 367 997 462 Antipatrum
1051 367 1159 440 etiarn
1185 371 1385 464 quaedam,
1418 369 1578 444 invectus
1602 369 1641 440 in
1663 393 1744 455 eos,
1771 368 1835 464 qui
1857 373 2041 445 calamita·

7 479 196 540 ¹entururn
212 492 299 542 esse.
351 469 421 541 Sed
436 469 468 540 si
482 465 571 540 haec
590 493 676 540 vera
698 482 802 556 sunt,
829 494 922 565 quae
945 470 999 542 di·
1049 483 1122 542 tem
1144 474 1375 565 exprobrant.
1438 472 1575 544 Verum
1598 471 1686 569 quid
1713 473 1842 545 attinet
1864 499 1921 545 mc
1944 499 2041 548 nunc

7 569 92 656 itis,
120 572 244 642 multo
268 571 383 664 magis
405 595 531 644 cavere
556 573 689 657 debeo,
724 597 770 644 ne
793 596 896 645 mens
916 597 998 644 mea
1049 573 1225 646 recitare?
1253 574 1343 648 Cum
1358 599 1423 667 ego
1441 577 1488 646 ad
1499 587 1697 648 extremum
1712 575 1845 669 partim
1863 601 2044 672 precarer,

7 675 167 744 ideatur
181 675 233 771 ‚ab
248 673 443 769 Antipatro
461 687 655 768 corrupta,
679 698 770 746 neve
792 675 918 746 videar
937 678 999 747 de-
1051 676 1182 771 partim
1217 678 1334 750 minas
1366 673 1573 750 adhiberem
1608 691 1644 748 et
1674 678 1861 752 blanditiis
1886 692 2043 755 terrores

7 776 150 850 eruisse
176 777 363 864 ordinem,
400 779 439 848 in
461 803 535 874 quo
559 779 606 848 ad
628 778 801 850 Graeciae
822 777 1000 850 defensio·
1050 779 1262 852 miscerem:
1302 779 1401 870 Ego,
1442 780 1562 876 inquit
1594 781 1672 866 ille,
1709 783 1919 874 persuaderi
1951 781 2043 855 mihi

7 907 73 952 tem
92 880 296 953 collocatus
309 904 410 967 sum,
435 894 472 954 ct
491 881 675 974 transfuga
697 882 830 966 iectus,
856 882 905 951 ad
919 879 999 952 Ma·
1050 895 1214 975 paterer,
1245 878 1447 955 siArchias
1470 907 1601 966 eseem;
1634 884 1698 956 sed
1718 885 1890 980 quoniam
1908 884 2043 958 Demo-

7 986 154 1056 edones
185 983 412 1057 concessisse.
462 983 501 1056 Si
516 980 607 1054 mihi
622 979 771 1056 honeste
788 996 841 1056 est
866 983 999 1068 vivere,
1050 979 1193 1056 sthenes
1216 1009 1317 1071 sum,
1342 996 1448 1077 peto,
1485 998 1527 1057 ut
1544 985 1707 1079 ignoscas
1730 983 1842 1074 mihi,
1881 989 1945 1084 qui
1966 1013 2043 1060 non

6 1088 173 1160 liraeeus
192 1087 388 1180 praebeat,
420 1099 456 1158 et
479 1086 656 1172 triremis,
696 1108 806 1181 quam
834 1085 1000 1169 instruxi,
1052 1086 1221 1160 consuevi
1241 1087 1449 1159 inconstans
1471 1077 1557 1160 esse.
1623 1088 1691 1159 llic
1712 1115 1793 1162 cum
1819 1115 1902 1162 eum
1924 1092 1961 1162 vi
1982 1094 2044 1164 ab·

7 1203 205 1275 tmurus,
238 1201 275 1262 et
294 1189 388 1262 iona
412 1213 495 1260 meo
517 1201 665 1282 sumptu
685 1189 798 1274 lacta,
827 1202 864 1259 et
885 1189 1000 1260 tribus
1051 1191 1180 1262 ducere
1204 1189 1352 1276 vellem,
1389 1188 1499 1286 idque
1528 1189 1603 1284 ipse
1636 1191 1804 1280 sentiret,
1842 1194 1960 1288 coepit
1985 1218 2044 1266 nae

7 1292 226 1378 Pandionia,
246 1294 347 1364 cuius
360 1316 467 1364 cauea
485 1292 582 1364 ultro
597 1293 703 1364 ludos
715 1293 858 1376 leci,.et
870 1291 1020 1374 Solon,
1051 1292 1223 1377 irridere,
1248 1305 1285 1362 et
1302 1293 1419 1362 Deum
1436 1293 1653 1387 adspiciens,
1680 1293 1748 1366 ait:
1775 1293 1926 1369 Archias
1939 1311 2045 1391 putat

7 1411 29 1470 tt
45 1396 201 1480 Draco,
233 1407 270 1466 et
287 1395 435 1468 libertas
457 1395 679 1480 concivium,
711 1407 747 1464 et
771 1393 862 1465 liber
884 1399 1000 1489 popu·
1052 1408 1193 1466 tantum
1217 1417 1317 1466 arma
1333 1409 1369 1467 et
1383 1396 1556 1470 exercitus
1573 1396 1752 1490 praesidia
1771 1399 1866 1470 vitae
1888 1425 1982 1486 esse,
2009 1413 2045 1472 et

7 1525 69 1584 ns,
90 1511 129 1570 et
143 1500 304 1584 decreta,
328 1511 365 1570 et
375 1499 470 1591 leges
483 1498 663 1584 classium,
679 1509 715 1568 et
729 1498 912 1570 maiorum
927 1497 1000 1567 vir-
1051 1522 1171 1570 meum
1204 1510 1418 1591 apparatum
1448 1499 1667 1584 contemnit,
1701 1525 1808 1597 quem
1840 1526 2045 1596 expugnare

7 1615 53 1678 ‚its
68 1623 112 1672 ac
129 1596 331 1694 trophaea,
356 1613 391 1673 et
412 1601 543 1674 civium
558 1600 832 1685 benevolentia,
857 1598 922 1696 qui
943 1622 1000 1670 me
1051 1623 1169 1695 neque
1196 1597 1351 1694 lllyrici,
1381 1625 1498 1698 neque
1525 1601 1700 1688 Triballi,
1739 1625 1857 1700 neque
1878 1605 2047 1678 Macedo-

7 1725 104 1800 taepe
140 1717 432 1789 coronaverunt,
473 1717 509 1774 et
550 1705 771 1778 Graecorum
811 1702 1001 1787 autoritas,
1051 1727 1114 1776 nes
1127 1703 1278 1797 possint.
1327 1702 1494 1786 Firmior
1510 1716 1563 1778 est
1586 1707 1683 1775 enim
1707 1731 1815 1803 quam
1839 1707 1899 1778 ille
1920 1727 2046 1783 murus

7 1809 59 1908 pti
82 1805 264 1881 hactenus
285 1832 305 1878 a
329 1832 387 1878 me
412 1807 546 1880 servati
567 1819 662 1881 sunt.
723 1805 832 1900 Quod
856 1806 887 1878 si
908 1801 1001 1876 mihi
1050 1807 1210 1899 ligneus,
1239 1831 1346 1902 quem
1364 1806 1449 1878 olim
1469 1807 1574 1880 nobis
1588 1807 1722 1901 Apollo
1738 1812 1926 1903 respondit
1947 1801 2048 1884 inex-²

7 1915 67 1984 vita
114 1913 251 1984 debeat
289 1911 496 2004 contingere
546 1911 692 1984 alterius
739 1909 1001 1995 misericordia,
1051 1907 1281 2005 pugnabilem
1308 1911 1386 1980 fore
1408 1909 1468 2010 1”).
1534 1911 1629 1984 Nam
1654 1921 1694 1982 ut
1714 1913 1904 2006 prudentia
1927 1939 1986 1985 mc
2006 1915 2046 1986 in

7 2039 225 2114 piamquam
250 2013 288 2084 id
309 2005 414 2108 turpe
440 2027 512 2100 cst,
554 2027 676 2086 umen
698 2008 768 2084 hoc
788 2010 998 2085 beneficium
1053 2012 1364 2084 administratione
1396 2013 1613 2114 reipublicae
1649 2039 1815 2088 securum
1855 2017 2046 2110 praestitit,

7 2120 122 2190 nalim
151 2117 317 2211 accipere
344 2145 364 2188 a
389 2117 479 2189 meis
502 2117 659 2203 civibus,
682 2141 840 2214 quorum
861 2115 1001 2189 redemi
1052 2116 1101 2188 ita
1117 2141 1176 2188 me
1191 2115 1585 2194 adversusMacedones
1597 2143 1766 2191 securum
1776 2120 1912 2191 reddet.
1944 2119 2046 2194 Nun·

7 2205 182 2320 'taptivom
215 2233 319 2292 anta
340 2217 522 2316 patribus,
557 2206 711 2317 quorum
740 2219 877 2291 elocavi
897 2219 1001 2305 filias,
1053 2244 1162 2315 quam
1194 2220 1388 2290 formidavi
1413 2216 1701 2308 Euctimonem,
1742 2233 1806 2294 aut
1830 2219 2071 2322 Aristogito-=

7 2341 59 2398 tut
75 2326 213 2422 quihus
235 2324 371 2395 donavi
393 2323 577 2418 pecunias.
627 2327 677 2396 At
699 2323 729 2395 si
747 2347 885 2395 menec
902 2323 1001 2396 insu·
1051 2347 1157 2409 nem,
1195 2335 1259 2395 aut
1291 2318 1511 2418 Pythaeam,
1552 2337 1589 2394 et
1622 2323 1942 2412 Callimedonlem,
1983 2340 2071 2414 ants

7 2455 115 2502 arum
130 2428 350 2522 imperium,
382 2453 449 2499 nec
473 2451 574 2500 mare
597 2429 781 2512 defendet,
807 2439 929 2520 petam
955 2425 1000 2495 ab
1050 2422 1282 2519 Philippum,
1311 2449 1428 2522 neque
1451 2427 1560 2497 modo
1578 2421 1677 2498 hunc
1689 2422 1861 2500 Archiam
1874 2429 2045 2504 formido.

7 2557 66 2616 ¹noc
80 2531 259 2628 Neptuno
276 2530 468 2618 auxilium,
495 2545 531 2602 et
545 2533 592 2604 ab
609 2527 677 2632 hac
693 2554 777 2616 ara,
804 2542 838 2600 et
854 2553 874 2599 a
890 2528 1001 2602 sacris
1053 2528 1144 2600 Cum
1164 2525 1252 2601 haec
1269 2527 1429 2602 dixisset:
1462 2528 1559 2624 Age,
1583 2530 1723 2627 inquit,
1745 2555 1791 2602 ne
1807 2532 1936 2626 afferas
1953 2528 2046 2604 milri

7 2638 151 2730 egibus.
202 2635 267 2718 Sira
291 2647 413 2718 autem¹
426 2629 616 2729 Neptunus
639 2659 715 2708 non
738 2645 857 2727 potest
880 2634 1000 2704 defen·
1047 2633 1229 2718 violentas
1248 2657 1394 2715 manus;
1420 2656 1496 2704 non
1520 2631 1614 2706 enim
1631 2636 1833 2728 profanabo
1856 2635 2046 2730 templum,

7 2742 81 2813 lere
94 2738 377 2813 immunitatem
400 2737 546 2831 templi,
587 2759 654 2810 nec
673 2738 789 2831 pudet
812 2761 895 2810 eum
915 2759 1001 2831 pro-
1053 2749 1229 2832 qnantum
1253 2737 1291 2806 in
1314 2761 1373 2807 me
1396 2749 1469 2822 est,
1499 2737 1653 2809 salutato
1665 2737 1746 2809 Deo
1759 2750 1887 2833 sponte
1902 2761 2047 2836 sequar.

7 2846 84 2916 lere
108 2838 396 2914 Demosthenem
416 2835 591 2926 Archiae,
625 2841 784 2926 moriar,
819 2863 887 2910 nec
908 2834 1001 2910 mihi
1051 2839 1129 2932 Ego
1144 2840 1194 2911 sic
1209 2840 1396 2934 sperabam
1413 2841 1612 2926 facturum,
1639 2866 1721 2912 cnm
1737 2839 1797 2913 ille
1814 2867 1964 2914 manum
1990 2840 2047 2913 ori

7 2947 196 3040 Antipater
216 2969 285 3038 pro
306 2943 386 3016 Deo
409 2946 578 3016 colendus
604 2944 685 3016 erit.
750 2942 892 3014 Liceret
910 2938 1001 3012 mihi
1052 2945 1240 3028 admovet,
1263 2967 1381 3037 neque
1398 2967 1464 3036 ego
1479 2943 1687 3036 suspicabar
1703 2969 1786 3018 eum
1803 2945 1902 3016 alind
1915 2947 2046 3032 lacere,

7 3050 193 3122 amiciores
217 3044 350 3119 habere
376 3047 593 3120 Macedones
618 3072 727 3141 quam
752 3041 1001 3130 Athenienses,
1053 3069 1160 3141 quam
1179 3069 1284 3117 orare
1299 3043 1415 3127 Deos;
1440 3047 1502 3118 sed
1517 3045 1604 3141 quid
1619 3047 1751 3142 egerit,
1776 3061 1898 3140 postea
1915 3071 1959 3118 ex
1981 3072 2045 3119 an·

7 3167 33 3226 tt
46 3152 123 3224 frui
133 3150 311 3222 felicitate
326 3145 458 3237 vestra,
484 3151 515 3222 si
532 3149 668 3220 imitari
685 3148 814 3221 vellem
833 3148 1000 3220 Callime-
1052 3148 1133 3219 cille
1150 3171 1215 3243 per
1229 3157 1409 3219 tormenta
1426 3149 1679 3242 cognovimus,
1702 3149 1767 3223 din
1782 3176 1865 3223 eum
1879 3146 2046 3224 habuisse

7 3259 173 3339 iontem,
213 3247 390 3349 Pytheam
422 3269 458 3325 et
478 3252 689 3326 Deaiadcm.
758 3251 901 3324 Licerct
922 3252 1000 3323 ani·
1052 3265 1219 3345 paratum
1242 3275 1441 3337 venenum,
1467 3265 1509 3324 ut
1528 3265 1645 3327 morte
1663 3252 1866 3327 libertatem
1892 3253 2047 3326 redime·
2176 3249 2181 3254 ’

7 3387 99 3432 mum
118 3359 180 3436 vel
201 3381 283 3429 aero
300 3371 462 3445 mutare,
487 3357 558 3429 nisi
580 3356 795 3428 verecundia
812 3354 942 3440 Codri,
966 3367 1002 3427 et
1053 3367 1118 3428 ret.
1144 3356 1270 3453 Neque
1285 3369 1383 3426 extra
1400 3355 1526 3449 templi
1539 3345 1651 3428 limen
1665 3355 1948 3456 perveneratw),
1963 3383 2045 3430 cum

7 3465 171 3540 iliarum¹
184 3456 379 3534 Erechthei
401 3460 449 3559 ⁶⁸)
465 3501 470 3511 ·
485 3455 707 3554 prohiberet.
776 3459 860 3532 Non
891 3457 1002 3550 igitur
1052 3459 1173 3553 lapsus
1189 3459 1324 3554 inquit:
1354 3457 1433 3530 Hoc
1448 3460 1601 3530 cadaver
1618 3461 1664 3530 ad
1677 3462 1910 3555 Antipatrum
1927 3456 2046 3546 vehes,

7 3565 97 3656 volui
113 3565 339 3658 transfugam
347 3565 530 3636 fortunam
542 3564 656 3659 sequi.
688 3559 890 3635 Honestum
903 3559 1001 3632 enim
1053 3558 1334 3634 Demosthenem
1356 3586 1443 3631 vero
1457 3586 1534 3633 non
1548 3558 1677 3647 vehes,
1702 3587 1779 3634 non
1799 3585 1941 3654 per...
1998 3561 2047 3633 Et

7 3671 172 3764 effugium
189 3694 289 3745 mors
305 3681 369 3754 est,
386 3693 479 3762 quae
495 3680 548 3740 est
561 3679 660 3760 eatra
676 3689 784 3738 onme
797 3665 997 3760 periculum
1053 3664 1242 3736 videbatur
1265 3687 1331 3738 sno
1356 3688 1459 3734 more
1487 3663 1670 3758 iuraturus
1695 3689 1761 3757 per
1784 3664 1886 3750 illos,
1920 3664 2043 3760 quiin
2107 3731 2108 3736 ,

7 3773 249 3868 turpitudinis.
299 3770 345 3842 Et
369 3795 465 3844 nunc
487 3764 642 3853 Archia,
675 3767 915 3864 quantumin
938 3791 997 3837 mc
1050 3762 1266 3838 Marathone
1287 3767 1550 3850 occubuerunt,
1575 3769 1638 3838 sed
1655 3767 1858 3869 valedicens
1874 3766 2043 3841 avolavit.

7 3892 71 3964 est,
104 3902 183 3948 non
214 3875 299 3946 volo
323 3875 542 3946 dedecorare
567 3869 744 3957 Athenas,
785 3871 994 3944 servitutem
1049 3869 1155 3940 llunc
1185 3893 1250 3964 ego
1275 3871 1403 3956 finem,
1436 3891 1524 3954 rex,
1557 3870 1671 3940 affero
1694 3871 1888 3964 expugnati
1908 3868 2043 3942 mmo-

7 3981 198 4076 sepius,
223 3978 366 4064 abiecta
382 3977 566 4061 libertate,
592 3975 632 4046 in
645 3998 717 4070 qna
739 3973 836 4045 mori
858 3985 911 4046 est
931 3969 999 4044 ho·
1049 3968 1196 4046 athenis.
1247 3977 1332 4048 Ant.
1357 3967 1613 4048 Demosthenis
1628 3973 1774 4046 scilicet.
1816 3973 1852 4045 Ο
1866 3974 2041 4045 invictum

7 4086 252 4158 nestissimum.
303 4081 439 4153 Verum
455 4077 625 4152 convenit
644 4091 679 4150 te
695 4076 901 4150 meminisse
924 4088 997 4146 tra·
1049 4078 1211 4150 animum
1239 4087 1276 4147 et
1302 4077 1468 4160 beatum,
1501 4099 1609 4172 wem
1644 4099 1857 4170 generosum
1888 4075 2042 4148 lacinus!

7 4191 232 4280 goediarum,
257 4209 381 4258 nonne
395 4184 553 4279 graviter
565 4181 700 4254 dictum
717 4180 795 4255 est?
1049 4177 1248 4254 Prudentia
1265 4193 1338 4263 ert,
1364 4180 1403 4250 in
1418 4201 1530 4252 manu
1544 4179 1700 4251 retinere
1716 4177 1892 4251 libertatis
1905 4203 2043 4273 posses-

100 4299 150 4370 At
168 4293 232 4366 illa
245 4294 315 4367 inre
329 4294 604 4364 morientum
1049 4284 1201 4357 sionem.
1239 4281 1308 4356 Sed
1324 4283 1476 4356 decessit
1488 4282 1647 4357 victurus
1659 4282 1699 4353 in
1712 4285 1900 4356 beatorum
1916 4280 2044 4358 insulis

101 4403 271 4472 Dereatu·
285 4399 488 4477 utem,
514 4394 649 4464 cavebat
662 4389 776 4462 scdulo
793 4387 854 4482 ⁶⁴).
884 4461 888 4468 ,
1049 4389 1145 4482 apud
1167 4383 1317 4472 heroas,
1343 4399 1383 4458 nt
1405 4386 1555 4470 dicitur,
1581 4399 1645 4458 aut
1668 4385 1706 4456 in
1728 4387 1868 4458 coelum
1890 4401 2056 4479 pervers?

7 4499 78 4572 Hoc
100 4528 183 4573 cum
206 4497 331 4570 secerit
346 4498 489 4591 puella,
514 4505 650 4590 quanto
675 4492 816 4584 turpius
841 4487 995 4560 eritDe·
1047 4503 1171 4575 turns,
1194 4503 1236 4563 ut
1250 4488 1350 4562 Deus
1370 4491 1484 4562 lactus
1507 4511 1626 4570 comes
1647 4485 1802 4562 sitlovis
1824 4488 2041 4564 liberatoris.

7 4601 201 4691 mostheni,
229 4603 410 4697 praeferre
433 4594 663 4684 inhonestam
689 4595 802 4672 vitam
822 4590 995 4682 honestae
1047 4594 1188 4688 Corpus
1212 4617 1302 4666 vero
1322 4617 1389 4666 nos
1417 4591 1642 4666 remittemus
1664 4587 1845 4678 Athenas,
1879 4595 2041 4683 luiturum

8 4709 201 4793 monti,.·et
220 4696 381 4777 oblivisci
403 4703 618 4776 Xenocratis
638 4712 673 4770 et
693 4697 858 4772 Platonis
869 4693 996 4786 dispu-
1047 4694 1233 4770 honestius
1258 4709 1512 4769 ornamentum
1536 4697 1696 4790 patriae,
1731 4720 1840 4792 quam
1863 4696 1935 4780 illi,
1977 4695 2041 4791 qui

7 4811 177 4883 tationem
208 4811 252 4879 ‹le
283 4807 554 4880 iauaortalitate
584 4801 806 4876 animarum!
846 4796 996 4872 Addidit
1046 4791 1086 4872 in'
1100 4796 1317 4872 Marathone
1338 4799 1593 4872 occubuerano
1642 4809 1661 4838 ²

13 4948 208 4967 ''hw-

42 5011 277 5148 itpsgptffl
299 4997 772 5134 {ssfflplfffflffqffffl
797 5001 889 5136 ,Q
904 4999 994 5122 ’,ᾖ
1078 5051 1129 5110 ω)
1147 5047 1184 5106 a·
1197 5049 1214 5101 ι.
1230 5051 1259 5101 a
1271 5045 1461 5100 mamaeae.
1476 5007 1544 5100 aare
1560 5042 1810 5112 urgeamus:
1827 5045 1908 5102 astro
1919 5038 2034 5097 esum

75 5153 138 5202 aete
149 5151 265 5217 margin.
278 5150 402 5215 tttcyltt:
420 5151 488 5220 dnn
506 5148 549 5200 uu
562 5161 612 5212 pro
627 5145 719 5212 petria
731 5144 850 5198 nonen
862 5139 964 5192 obtare.
1114 5119 1260 5202 illelmi
1277 5131 1338 5170 Μ
1355 5118 1389 5168 ⁸⁶
1408 5115 1579 5168 ”mim
1593 5115 1746 5182 mm!
1763 5117 1814 5166 ⁰⁸²·

41 5235 87 5293 bt)
112 5231 145 5290 n.
159 5238 176 5288 t.
200 5236 229 5287 tn
247 5235 332 5286 udttt.
348 5233 443 5300 tm,
468 5231 545 5284 Μ.
570 5234 638 5284 note
663 5227 779 5295 megin:
798 5222 922 5290 lievilla
952 5223 994 5274 Er
1078 5223 1128 5282 bd)
1152 5221 1264 5276 utto
1282 5219 1484 5274 insenuerat
1503 5220 1570 5271 nota
1588 5217 1707 5285 mein.
1724 5215 1850 5282 atteret:
1880 5218 1958 5270 ttorr
1975 5215 2034 5268 De-

74 5305 209 5369 tturtpttts
228 5305 338 5356 Hecuba
359 5303 426 5364 [tte
440 5303 508 5367 sq.].
1112 5288 1273 5342 norberte.

863 5438 1170 5456 mamm-a
