4548 5788
27 203 33 270 ,
214 145 355 248 xxxv.
380 170 779 293 manneaerxrro
808 170 1072 246 omuonrs
1097 170 1440 248 neuosrrrems
1465 172 1531 248 oe
1558 150 1769 252 conone.
1927 181 2013 258 ars

27 345 150 416 colere
166 341 381 440 Philippum
398 360 605 440 coeperunt.
643 345 711 417 Hic
724 345 879 430 amicus,
893 369 966 418 ser·
1019 357 1055 416 et
1074 344 1259 438 despectos
1281 347 1408 434 luisse,
1444 373 1598 442 quorum
1623 349 1784 442 exempla
1807 353 2013 441 ostendunt,

27 471 57 518 rr
75 461 115 518 et
132 448 265 544 omnia
294 449 344 520 eis
368 462 464 536 erat,
489 475 556 541 nec
577 475 701 520 vocem
728 449 967 520 admittebant
1018 472 1125 534 eum,
1151 449 1214 543 qui
1231 475 1369 520 summa
1387 452 1456 522 fide
1473 463 1591 524 custos
1608 465 1661 524 est
1682 452 1822 544 patriae
1846 479 1951 540 suae,
1977 469 2014 528 et

27 577 83 644 ps,
119 545 258 645 siquis
279 553 469 636 monebat,
501 565 542 623 ut
564 565 744 624 caverent.
802 550 876 622 Vos
900 549 967 622 etsi
1016 549 1147 622 talibus
1164 553 1336 624 acerrime
1352 554 1583 639 contradicit,
1615 556 1718 626 vobis
1735 581 1879 652 quoque
1903 559 2014 651 prod·

27 653 273 750 picabarnini‚
299 654 386 748 quid
409 654 617 739 moliretur,
643 670 680 726 et
702 666 841 728 tantam
862 653 967 724 fami·
1019 677 1113 737 esse,
1150 654 1212 748 qui
1238 659 1401 727 mercede
1421 657 1589 730 conducti
1605 671 1640 728 et
1664 659 1745 750 plus
1768 660 1946 752 accipitis,
1979 673 2015 732 et

27 753 159 826 itatem
180 756 338 826 aliorum
357 783 438 828 cum
452 782 496 828 eo
510 781 614 850 aegre
627 757 816 842 serebatis,
844 768 966 828 tamen
1018 767 1168 848 propter
1200 759 1306 828 tidem
1340 755 1472 829 horum
1505 761 1703 833 incolumes
1730 775 1765 832 et
1797 761 2013 834 mercenarii

27 881 39 928 e
64 858 140 929 soli
165 859 336 930 resistere
357 885 432 930 non
454 859 647 954 poteratis,
678 857 771 930 nihil
793 860 967 931 movistis.
1018 857 1182 928 manetis.
1210 859 1303 932 Nam
1320 875 1435 934 vestra
1453 863 1597 957 quidem
1615 866 1761 936 consilia
1780 865 1881 938 vobis
1898 867 2012 936 multo

27 959 214 1034 iescebant
229 973 265 1031 et
280 961 412 1034 caeteri
428 963 576 1048 Graeci,
603 987 823 1059 quamquam
841 974 877 1034 et
898 961 968 1054 ipsi
1020 973 1101 1031 ante
1115 960 1223 1032 exitio
1239 963 1398 1036 fuissent.

44 1063 96 1156 pti
117 1076 158 1133 et
185 1065 353 1136 frustrati
377 1067 422 1136 ab
442 1090 485 1136 eo
508 1067 673 1150 fuerant,
705 1078 828 1136 tamen
847 1064 968 1158 singu·
1120 1065 1173 1133 Ac
1197 1067 1242 1135 de
1264 1067 1340 1138 eius
1362 1067 1535 1156 temporie
1560 1068 1759 1140 actionibus
1782 1093 1863 1138 cum
1897 1067 2011 1140 multo

42 1169 157 1236 modo
179 1167 255 1236 iam
279 1167 409 1238 domiti
431 1182 544 1240 erant.
596 1167 693 1238 Dum
715 1169 811 1239 enim
832 1169 966 1239 bellum
1018 1166 1122 1259 plura
1146 1167 1264 1239 dicere
1285 1193 1443 1262 possem,
1477 1183 1598 1240 tamen
1619 1172 1724 1242 finem
1748 1171 1898 1254 faciam,
1928 1169 2013 1265 quia

27 1263 146 1362 llyriis
164 1283 206 1340 et
222 1269 391 1342 Triballis
417 1272 509 1363 gerit
531 1284 568 1341 et
588 1271 692 1355 alibi,
717 1270 824 1341 multi
838 1269 969 1340 Graeci
1019 1263 1107 1338 haec
1123 1296 1267 1368 quoque
1283 1273 1392 1344 nimis
1404 1272 1516 1342 multa
1534 1273 1714 1343 videntur.
1766 1273 1836 1342 Sed
1852 1273 1917 1343 iste
1941 1273 2014 1344 cul·

27 1371 232 1444 civitatibus
249 1373 434 1444 occasione
449 1373 675 1446 induciarum
697 1376 743 1443 ad
766 1399 847 1444 eum
872 1398 968 1444 acce·
1019 1373 1159 1463 pandus
1175 1388 1247 1458 est,
1273 1375 1335 1469 qui
1352 1376 1450 1444 velut
1472 1377 1656 1468 crapulam
1677 1397 1767 1446 suae
1787 1375 1955 1466 perfidiae
1978 1387 2015 1446 et
2079 1439 2107 1468 ,κ

27 1489 110 1558 aut,
140 1473 246 1546 inter
270 1501 361 1570 quos
386 1489 422 1546 et
436 1473 627 1548 Aeschines
651 1475 730 1547 tuit.
787 1475 862 1548 Hos
886 1501 967 1548 cum
1020 1498 1168 1544 suorum
1197 1478 1370 1548 scelerum
1402 1478 1440 1546 in
1470 1503 1527 1548 me
1552 1478 1695 1564 reiecit,
1728 1501 1836 1570 quam
1860 1479 2014 1548 refutare

27 1577 271 1660 idevinciret,
297 1603 363 1670 per
378 1603 438 1650 eos
462 1580 732 1650 inclinationem
755 1577 793 1648 in
816 1578 967 1649 civitati·
1018 1589 1170 1668 propter
1185 1577 1343 1652 iuniores
1359 1605 1499 1653 necesse
1514 1593 1577 1652 est.
1632 1580 1800 1651 Caeteros
1817 1581 1933 1664 enim,
1951 1579 2015 1674 qui

27 1685 84 1764 lad
102 1679 338 1765 sefaciebat,
371 1695 406 1752 et
428 1684 459 1754 si
482 1682 543 1778 qui
572 1682 696 1752 dicunt
724 1705 761 1752 se
792 1706 869 1752 non
891 1685 969 1754 ani·
1021 1692 1125 1748 antea
1144 1695 1280 1752 norunt
1303 1708 1385 1752 eum
1408 1685 1558 1776 pecunia
1585 1685 1821 1767 conductum,
1855 1682 2014 1753 arbitror

27 1783 221 1868 lvertisse,
235 1780 328 1854 nihil
348 1787 394 1854 ad
419 1811 475 1857 me
494 1785 634 1858 attinet.
679 1784 774 1858 Nam
798 1809 864 1878 ego
888 1787 968 1880 qui·
1022 1781 1228 1874 indignatos
1249 1810 1323 1856 esse
1347 1787 1453 1856 etiam
1480 1799 1562 1856 ante
1586 1811 1704 1856 meam
1730 1785 2016 1881 responsionem,

27 1895 44 1966 h
64 1900 99 1958 et
119 1885 315 1981 praedixi,
347 1898 382 1957 et
404 1900 551 1960 testatus
573 1913 652 1960 sum
676 1901 753 1960 tum
782 1889 880 1980 apud
904 1914 968 1963 voe
1020 1909 1101 1955 cum
1117 1887 1284 1958 audirent
1298 1887 1398 1958 illum
1414 1889 1643 1981 impudenter
1658 1889 1870 1980 gloriantem
1888 1889 1930 1958 de
1950 1909 2013 1958 sua

27 2007 120 2082 eper,
159 2002 243 2061 tum
259 2014 474 2085 quocunque
498 1992 688 2076 mittebar,
721 1991 784 2062 sed
807 1990 968 2066 civitates
1020 1989 1090 2059 tide
1107 2013 1189 2081 erga
1204 1991 1372 2083 patriam.
1424 1991 1527 2062 Hanc
1542 2015 1629 2061 vero
1644 1992 1904 2062 mercenariam
1930 2013 2015 2082 ope·

27 2093 276 2187 equibusdam
293 2093 429 2164 morbis
443 2094 669 2166 laborabant.
719 2093 813 2165 Nam
841 2097 969 2185 guber-
1020 2114 1098 2160 ram
1130 2093 1296 2163 nominat
1324 2093 1520 2164 amicitiam
1547 2106 1584 2164 et
1607 2095 1662 2166 ius
1685 2089 1852 2188 hospitii,
1886 2116 2015 2187 meque

27 2209 104 2274 pres
137 2194 298 2290 pecunia
325 2197 486 2288 corrupti
509 2209 631 2282 erant,
666 2195 860 2267 multitudo
885 2223 968 2292 par·
1020 2193 1110 2263 dixit
1124 2195 1193 2266 sibi
1209 2208 1382 2290 tanquam
1397 2198 1573 2289 probrum
1591 2196 1761 2268 obiecisse
1778 2197 1833 2269 ius
1854 2191 2016 2288 hospitii,

27 2291 293 2369 lnihilominus
307 2299 566 2392 prospiciebat,
589 2299 723 2392 partim
740 2323 865 2370 amore
884 2325 969 2372 cou-
1020 2299 1214 2391 quodcum
1231 2299 1436 2394 Alexandro
1452 2295 1594 2370 habeat.
1637 2299 1714 2390 Ego
1731 2323 1818 2368 vero
1835 2323 1909 2368 non
1924 2298 2015 2368 adeo

27 2409 82 2474 ttae
115 2401 398 2496 tranquillitatis
428 2415 464 2474 et
485 2403 550 2472 otii
574 2401 741 2499 delinita,
773 2402 916 2476 labores
933 2417 969 2474 et
1019 2399 1182 2485 insanio,
1207 2413 1248 2471 ut
1263 2414 1297 2470 te
1312 2402 1467 2472 amicum
1492 2414 1554 2474 aut
1576 2395 1755 2494 hospitem
1770 2397 1931 2493 Philippi
1953 2413 2018 2472 aut

27 2501 120 2573 ricula
156 2503 335 2595 fugiebat.
393 2505 460 2575 Hic
492 2505 640 2577 morbus
666 2504 867 2582 communis
891 2520 969 2578 erat
1018 2501 1213 2573 Alexandri
1229 2503 1491 2574 nominandum
1509 2503 1725 2589 existimem,
1749 2504 1818 2576 nisi
1832 2517 1868 2574 et
1882 2527 2016 2574 messo-
2069 2575 2072 2582 ,

27 2601 236 2686 irersorum.
293 2605 433 2678 Interea
463 2607 594 2700 singuli
624 2606 877 2680 existimabant
899 2609 969 2683 sibi
1020 2629 1077 2678 res
1091 2617 1127 2674 et
1142 2607 1204 2675 alii
1220 2607 1434 2677 mercenarii
1448 2607 1499 2678 sic
1515 2606 1729 2678 nominandi
1745 2619 1847 2691 sunt,
1874 2619 1909 2677 et
1926 2629 2017 2701 quo-

27 2707 162 2778 tilmali
187 2723 526 2795 eventurumsesse,
559 2713 621 2782 sed
647 2735 729 2781 cum
750 2711 902 2797 vellent,
931 2736 968 2784 se
1019 2710 1131 2779 modo
1147 2722 1183 2779 te
1201 2709 1294 2781 cives
1318 2734 1442 2780 omnes
1465 2709 1675 2796 nominent,
1701 2710 1798 2802 ipsos
1820 2710 2016 2801 interroga.

27 2811 210 2896 electuros,
235 2824 280 2880 ut
294 2811 485 2905 implicatis
502 2813 581 2885 aliis
598 2812 667 2906 ipsi
681 2813 720 2882 in
736 2824 814 2883 tuto
838 2828 966 2887 essent.
1020 2811 1090 2882 Sed
1108 2836 1174 2904 ego
1189 2813 1310 2904 potius
1323 2837 1385 2884 eos
1402 2813 1645 2904 interrogabo.
1695 2812 1830 2897 Audis,
1858 2812 1945 2907 qnid
1961 2835 2016 2880 re-

47 2915 249 2985 multitudo
275 2929 423 3008 propter
445 2917 591 3010 longam
617 2928 653 2986 et
678 2915 966 3008 intempestivam
1020 2913 1246 3006 spondeant?
1284 2913 1391 2986 Nunc
1422 2917 1469 2984 ad
1496 2915 1760 2986 accusationem
1785 2917 1935 2999 accedo,
1970 2915 2015 2983 de

27 3016 147 3087 raviam
176 3015 320 3111 ubique
350 3018 551 3090 libertatem
586 3018 717 3090 amisit.
778 3017 850 3112 lpsi
880 3043 968 3091 vero
1021 3041 1092 3112 qua
1108 3017 1268 3088 dicturus
1284 3017 1443 3087 recitabo
1460 3041 1549 3088 resa
1569 3041 1626 3086 me
1652 3031 1787 3110 gestas,
1812 3029 1854 3088 ut
1870 3011 2017 3088 Aeschi-

27 3117 228 3192 bemato'res
245 3122 332 3192 dum
356 3147 394 3192 se
417 3121 486 3192 alia
512 3123 685 3204 vendere,
712 3145 789 3190 non
811 3146 848 3192 se
871 3123 969 3216 ipsos
1021 3144 1101 3209 nes,
1127 3143 1348 3215 quamquam
1376 3119 1461 3202 scit,
1494 3108 1617 3188 tamen
1639 3120 1795 3206 audiat,·
1816 3143 1928 3215 quare
1949 3115 2016 3189 hu·

27 3217 194 3308 istimant,
224 3225 371 3294 tandem
395 3237 639 3296 senseruntsc
660 3223 819 3317 primum
843 3226 969 3296 vendi·
1021 3221 1076 3294 ius
1091 3223 1225 3293 decreti
1239 3218 1438 3294 honoribus
1454 3221 1582 3313 dignus
1598 3222 1741 3296 inerim.
1791 3221 1880 3314 Age,
1899 3224 2014 3316 ipsam

27 3343 140 3398 iesse.
201 3327 299 3398 Nam
329 3352 410 3398 cum
438 3340 543 3398 antea
570 3329 775 3398 dicerentur
803 3327 909 3424 amici
934 3341 971 3399 et
1022 3325 1283 3397 accusationem
1301 3350 1386 3418 cape
1401 3338 1437 3394 et
1453 3325 1576 3396 recita.

27 3428 145 3518 spites,
171 3453 256 3502 cum
273 3430 464 3521 pecuniam
489 3431 730 3523 accipiebant,
755 3444 878 3522 postea
903 3457 970 3502 no·

27 3525 97 3599 irati
114 3546 201 3604 sunt
219 3545 482 3617 assentatores,
507 3545 625 3626 pestes
640 3533 800 3626 patriae,
828 3548 864 3605 et
889 3534 970 3606 aliis

27 3629 64 3702 eis
77 3635 394 3728 appellationibus.
444 3635 560 3708 Nemo
579 3635 674 3706 enim
699 3636 886 3728 profundit
909 3662 971 3729 pe·
1127 3641 1290 3708 Praetore
1317 3637 1514 3707 Chaeronda
1534 3636 1589 3704 die
1621 3643 1722 3702 sexta
1743 3633 1923 3703 Februarii
1944 3636 2016 3702 As·

27 3733 131 3822 niam,
154 3752 197 3810 ut
211 3737 411 3832 proditoris
426 3738 625 3832 potentiam
643 3750 791 3829 augeat,
806 3763 971 3832 necpro·
1022 3742 1155 3811 schines
1182 3739 1299 3810 attulit
1325 3739 1371 3806 ad
1398 3739 1597 3806 Praetorem
1624 3737 1871 3806 aestuationem
1897 3744 2016 3806 contra

27 3847 123 3910 torem
138 3855 268 3934 postea
285 3837 431 3912 adhibet
447 3841 487 3911 in
502 3842 690 3912 consilium
706 3839 842 3932 potitus
860 3865 900 3912 ea
917 3865 971 3924 re,
1025 3843 1287 3930 Ctesiphontem,
1314 3861 1411 3932 quem
1425 3846 1578 3920 acaum,
1605 3840 1691 3931 quod
1703 3839 1872 3910 aceram
1896 3845 2015 3908 cantra

27 3935 73 4012 ius
90 3967 195 4018 causa
220 3945 298 4016 eius
322 3968 471 4037 operam
494 3942 593 4016 emit.
644 3938 745 4016 Nihil
766 3942 862 4012 enim
888 3945 972 4014 bea·
1023 3945 1111 4035 lepos
1126 3946 1323 4032 scripserit,
1349 3939 1503 4012 uidelicet
1520 3950 1559 4010 ut
1580 3949 1802 4012 coronaretur
1816 3941 2014 4010 Demosthe·

1392 3499 1641 3567 Accusatio.

27 4063 46 4112 u
72 4047 259 4138 proditore
290 4061 391 4121 esset.
451 4046 566 4118 Immo
593 4049 699 4138 longe
725 4045 828 4116 aliter
853 4071 891 4118 se
913 4070 971 4119 res
1024 4072 1083 4118 nes
1100 4071 1208 4118 aurea
1226 4068 1367 4128 carana,
1393 4055 1426 4114 et
1444 4042 1508 4132 fiat
1531 4045 1740 4114 renuntiatio
1761 4046 1799 4112 in
1821 4043 1954 4112 theatra
1975 4046 2015 4111 in
2133 4059 2138 4064 ·

27 4141 90 4218 bet.
140 4139 212 4222 Sed
228 4176 311 4222 cum
333 4151 488 4244 imperio
510 4151 693 4222 civitatum
718 4163 754 4220 et
773 4150 971 4222 venditoris
1023 4150 1209 4222 maioribus
1230 4149 1493 4230 Bacchanaliis,
1522 4155 1557 4215 et
1577 4145 1741 4216 adhibitis
1764 4148 1860 4215 nouis
1880 4153 2015 4233 tragoe-

27 4247 105 4322 titus
135 4268 209 4342 est,
244 4253 329 4348 quia
361 4252 550 4347 perfidiam
581 4255 657 4326 eius
685 4253 758 4322 iam
789 4253 971 4346 cognovit,
1022 4257 1110 4337 diis,
1137 4256 1223 4348 quod
1235 4253 1324 4321 hanc
1344 4273 1501 4321 coronam
1520 4249 1650 4318 tribuat
1667 4250 1701 4316 ei
1719 4247 1860 4335 popalus
1878 4248 2016 4317 uirtutis

27 4347 56 4420 lit
80 4377 180 4441 eum,
214 4355 346 4427 diffidit
370 4369 406 4428 et
427 4356 554 4427 reiicit.
613 4356 741 4426 Videte
767 4356 861 4426 enim
887 4356 971 4452 (etsi
1022 4367 1055 4428 et
1071 4356 1447 4435 beneuolentiaeaausa‚
1474 4373 1575 4446 quam
1587 4372 1719 4438 semper
1737 4353 1913 4438 praestitit
1932 4371 2015 4438 erpa

27 4473 114 4545 mpus
128 4455 262 4530 harum
279 4483 401 4532 rerum
417 4462 637 4552 agendarum
651 4461 766 4531 multo
775 4471 971 4552 anteprae·
1024 4465 1170 4532 &aecor
1185 4468 1220 4530 et
1229 4456 1385 4546 populum
1402 4455 1682 4536 Atheniensium,
1706 4459 1739 4520 et
1752 4461 1891 4541 propter
1907 4449 2015 4540 sorti-

27 4553 92 4642 riit,
116 4573 239 4632 tamen
253 4562 550 4635 considerationis
570 4576 712 4655 tempus
733 4563 970 4657 prudentibus
1021 4566 1193 4646 tudinem,
1226 4570 1261 4632 er
1274 4561 1361 4653 quad
1377 4580 1445 4628 aaa
1465 4559 1568 4627 desiit
1586 4557 1699 4626 dicere
1716 4562 1749 4624 tl
1765 4553 2015 4645 apere'ttplt'm

27 4679 114 4748 mper
128 4665 308 4760 reliquum
331 4665 401 4762 est)
416 4663 612 4739 Lasthenes
637 4665 830 4758 tantisper,
856 4668 971 4736 donec
1019 4666 1156 4755 popula,
1188 4673 1221 4734 et
1236 4663 1322 4758 quod
1339 4671 1514 4750 promptas
1535 4659 1583 4728 sit
1604 4681 1722 4748 apere,
1758 4657 1917 4750 quicquid
1934 4657 2015 4731 honi

27 4753 173 4848 lynthum
195 4769 378 4860 prodidit,
410 4771 544 4840 amicus
564 4766 726 4862 Philippi
755 4769 970 4839 nominaba-
1019 4777 1138 4860 potest.
1190 4769 1374 4836 [laecum
1389 4766 1503 4834 amnia
1522 4759 1616 4851 salsa
1638 4762 1817 4848 scripserit
1837 4769 1871 4830 et
1894 4769 2014 4835 cantra
2056 4779 2062 4788 ·

27 4881 60 4940 t;
83 4865 286 4958 Timolaus,
321 4869 594 4945 donecThebas
618 4885 778 4965 caperet;
812 4870 970 4944 Eudicus
1021 4873 1127 4961 lepus,
1161 4877 1297 4940 aarum
1320 4890 1396 4938 sam
1418 4865 1623 4948 Aeschines,
1662 4867 1813 4951 primam
1836 4864 1923 4957 quod
1941 4860 2014 4952 fal·

38 4960 163 5057 Simus,
190 4975 305 5047 donec
329 4972 553 5048 Thessaliam
576 4975 614 5046 in
631 4971 793 5068 Philippi
814 4987 970 5068 potesta·
1020 4998 1094 5044 sam
1125 4975 1360 5044 narrationem
1385 4970 1534 5041 Senatui
1558 4969 1792 5056 proposuerit,
1831 4973 1866 5033 et
1893 4965 2014 5034 aetna

27 5085 59 5131 m
72 5074 292 5166 redegerunt.
335 5079 475 5151 Deinde
490 5092 681 5174 postquam
699 5079 738 5148 in
754 5077 858 5148 exilia
875 5077 970 5172 pulsi
1021 5079 1107 5172 quad
1120 5098 1279 5146 caronam
1292 5077 1450 5143 decernat
1464 5080 1545 5141 ante
1563 5070 1706 5143 niolam
1728 5071 1913 5148 rationem,
1927 5089 2016 5154 pum

27 5179 84 5280 ¹¹}ls
107 5187 140 5244 et
161 5180 327 5256 omnibus
353 5183 578 5255 contumeliis
603 5181 739 5266 affecti,
764 5181 968 5274 proditores
1020 5181 1154 5276 quidem
1169 5175 1636 5250 Demosthensceuratianem
1656 5172 1814 5242 habuerit
1839 5163 2015 5254 reficiendi

27 5285 113 5360 uque
126 5281 371 5358 nominantur.
421 5283 557 5356 Videtis
572 5285 841 5358 etAristratum
863 5283 969 5354 inSi·
1019 5305 1133 5354 muras
1146 5279 1371 5353 ettheatralis
1381 5280 1561 5368 pecuniae3
1587 5285 1622 5346 er
1636 5277 1723 5368 quod
1737 5295 1805 5344 non
1834 5271 1935 5341 liceat
1951 5267 2014 5361 sa-

27 5387 115 5460 wne,
139 5392 173 5450 et
194 5382 378 5462 Perilaum
402 5387 441 5458 in
462 5385 790 5483 Megaris'prorsus
812 5386 968 5458 abiectos
1017 5410 1092 5458 cere
1110 5387 1397 5460 renuntiationem
1419 5384 1458 5454 in
1478 5381 1609 5454 theatro
1634 5375 1796 5450 adhibitis
1823 5376 1919 5448 navis
1938 5382 2015 5446 tra·
