4582 5798
242 220 345 300 1006
825 219 952 298 PHIL-
983 219 1099 298 MEb.
1131 217 1337 296 ΜΛ
1373 215 1715 296 momulus.
1998 266 2004 275 ·
2168 221 2232 299 tos

243 417 340 478 esse,
372 403 409 464 et
431 392 576 464 difficile
597 415 692 477 esse,
731 392 772 464 in
792 405 868 464 tam
893 393 1004 488 longa
1028 391 1241 464 traiectione
1291 391 1440 466 timidos
1455 405 1527 478 est,
1556 405 1621 466 ιιι
1634 387 1968 488 mutuetur-sieut.
2024 387 2232 485 Νιφιιιιιι

244 496 410 568 ordinem
424 519 587 580 servare,
612 494 717 568 nobis
733 519 821 567 vero
836 497 942 567 facile
956 519 1052 580 esse,
1078 520 1121 568 ιι
1138 495 1242 566 brevi
1292 495 1481 567 audadm
1504 519 1632 568 eornm
1664 494 1801 578 m'mor,
1834 492 1900 588 (μ’
1928 487 2017 564 bees
2042 494 2231 568 nmu'autad

243 599 361 692 spatio
376 611 519 671 servato
533 597 661 668 ordine
686 619 747 670 eos
770 599 952 672 invadere.
1010 599 1050 672 Si
1072 621 1160 671 vero
1182 623 1242 668 ιι·
1292 621 1358 670 vos
1379 601 1586 684 terrendos,
1619 599 1683 672 sed
1704 595 1894 670 stultitiam
1914 594 2050 680 miror,
2085 599 2169 692 quod
2184 621 2231 670 ιιι

244 701 404 774 oneratis
425 700 498 774 suis
520 700 674 774 navibus
694 725 763 773 nos
784 705 1083 796 aggrederentur,
1121 724 1241 795 posse-
1292 701 1499 774 existimant
1526 701 1716 774 consilium
1729 723 1848 772 -sunan
1871 697 2041 792 intelligi,
2076 700 2231 794 quia,qu'

244 829 326 878 snus
339 827 406 874 nos
431 803 646 898 defatigatos
667 805 881 897 remigando
903 805 1096 888 invadere,
1129 815 1191 875 aut
1209 803 1242 875 si
1292 803 1464 898 privatim
1478 797 1620 876 indicia
1634 815 1671 876 ιι
1692 803 1788 896 leges
1808 813 1994 887 metuunt,
2024 801 2155 896 ptblioo
2167 817 2231 876 nen

243 929 406 1002 prqnare
429 929 507 977 non
528 907 720 993 vehemus,
751 906 953 980 Tarentum
975 931 1044 978 nos
1066 905 1242 1000 recipere·
1292 929 1398 980 mnas
1412 907 1635 980 οιιιιὼιιιι
1650 919 1842 980 manau.
1894 903 1945 976 Et
1966 900 2007 975 hi
2030 927 2174 976 rumores
2184 931 2230 975 roa

245 1033 338 1082 mus.
365 1007 429 1080 Sin
441 1007 578 1106 vero'⁷)
592 1009 773 1082 traiicient
786 1037 867 1084 com
882 1011 1011 1104 exigno
1025 1021 1242 1093 commeatu,
1293 1033 1377 1083 csso
1391 1005 1462 1082 bue
1477 1010 1700 1095 afferuntur,
1723 1011 1787 1084 sed
1799 1031 1857 1080 res
1874 1007 2134 1104 meinamma
2152 1009 2232 1080 estat

244 1123 420 1207 tanquam
444 1112 492 1182 ad
510 1113 639 1183 navale
665 1113 865 1206 proelium,
905 1114 943 1184 in
974 1112 1063 1184 locis
1092 1110 1243 1184 deseffis
1293 1112 1366 1186 illis
1379 1109 1607 1198 horninibus,
1631 1113 1855 1208 quisemper
1868 1135 2017 1182 morere
2032 1111 2234 1204 rernpobban

244 1212 398 1308 penuma
411 1213 643 1299 laborabunt,
669 1217 749 1289 etsi
765 1216 964 1287 manebunt
977 1215 1074 1288 velut
1091 1215 1243 1288 decum-
1293 1216 1450 1290 student.
1499 1215 1575 1288 Vos
1588 1227 1710 1288 sotem
1731 1215 1785 1288 sio
1805 1212 2164 1298 rectedeliberabit'n,
2182 1213 2236 1308 ιιι

245 1315 350 1400 sessi,
376 1328 605 1408 prementur,
631 1330 694 1388 aut
707 1317 738 1392 si
755 1319 855 1390 abire
868 1319 1012 1403 volent,
1036 1317 1244 1414 relinquent
1295 1331 1576 1392 consentaneum
1591 1318 1826 1402 sitiudicate,
1860 1339 1938 1388 non
1952 1341 1999 1390 er
2009 1313 2236 1388 borunsnno

245 1441 415 1520 magpam
435 1431 576 1511 partem
609 1433 822 1514 apparatus,
855 1435 891 1493 et
919 1420 1154 1506 dubitabunt,
1195 1443 1242 1490 ιιι
1294 1421 1421 1507 nibus,
1447 1423 1510 1494 sed
1526 1417 1651 1505 erbis,
1678 1443 1771 1517 quae
1784 1415 2121 1492 lacerenthomines
2129 1420 2237 1512 prodeu-

244 1545 400 1616 nsquam
413 1519 655 1614 recipiantur,
689 1549 770 1598 curn
796 1525 982 1596 civitatum
996 1523 1244 1596 voluntatibus
1295 1537 1348 1597 tes
1369 1536 1407 1596 et
1429 1523 1558 1620 periti,
1597 1523 1722 1620 quales
1742 1519 1980 1596 Athenienses
2009 1547 2085 1596 esse
2113 1523 2236 1594 emtinn

247 1623 427 1694 confidere
440 1647 517 1694 non
531 1624 662 1697 ausint.
1294 1627 1380 1703 Non
1394 1639 1451 1700 est
1474 1627 1571 1699 enim
1596 1625 1786 1712 credibile,
1817 1649 1880 1700 eos
1904 1625 2042 1722 relictng
2055 1625 2142 1696 bello
2158 1627 2238 1696 done

188 1750 194 1761 ‘
281 1783 285 1790 .
350 1725 427 1796 Hae
456 1751 522 1818 ego
553 1727 695 1798 ratione
726 1725 891 1800 existimo
924 1727 1157 1812 interclusos,
1196 1751 1243 1798 ne
1295 1731 1405 1818 atico,
1430 1742 1466 1802 et
1480 1733 1645 1802 nondum
1660 1729 1784 1815 inito,
1817 1729 1979 1802 adalind
1993 1753 2074 1800 non
2088 1727 2239 1798 mhubel

246 1827 392 1926 quidem
407 1830 588 1902 soluturos
609 1853 684 1902 esse
707 1827 914 1926 aCorcyra.
974 1833 1045 1902 Sed
1070 1844 1134 1902 aut
1155 1829 1244 1901 deli·
1294 1833 1372 1906 lum
1386 1844 1424 1905 et
1436 1833 1676 1930 longinquum
1693 1833 1791 1904 ultro
1808 1833 1945 1906 venire.
1996 1832 2100 1927 Quos
2122 1855 2176 1923 ego
2192 1831 2240 1924 qui

245 1919 512 2017 b'erationibus,
564 1945 601 2002 et
630 1933 814 2004 mittendis
848 1935 1132 2028 speculatoribus
1159 1957 1245 2004 eon·
1296 1938 1378 2008 dem
1409 1937 1575 2010 existimo
1605 1937 1781 2029 gaudere,
1819 1938 1919 2032 quod
1940 1959 2012 2008 nos
2033 1959 2108 2006 non
2126 1936 2165 2004 ad
2180 1933 2239 2026 ipsu

247 2033 477 2118 sideratnris,
508 2047 665 2129 quantus
685 2035 732 2106 sit
753 2048 875 2109 noster
894 2039 1088 2122 exercitus,
1124 2048 1161 2108 ιι
1181 2035 1245 2108 nbi
1296 2038 1518 2126 accedimus,
1545 2063 1628 2116 ιιιιι
1642 2051 1698 2110 ιιι
1712 2051 1750 2110 ιι
1763 2050 1885 2112 ιιιιιι
1898 2040 1973 2112 sint
1987 2037 2240 2110 inSieiliaorbs

247 2137 313 2224 sit,
349 2132 538 2208 extrahent
553 2159 631 2208 rem
646 2136 685 2208 in
699 2133 878 2226 hiemem,
910 2153 974 2214 aut
987 2139 1245 2236 perterrefacti,
1295 2143 1497 2216 sinautem
1511 2138 1584 2216 huc
1597 2143 1787 2227 scoedent,
1813 2142 1929 2235 magis
1949 2141 2086 2216 idonea
2107 2153 2154 2212 est
2164 2137 2242 2209 Sicilia

143 2233 146 2244 “
247 2240 349 2336 quod
363 2251 505 2331 praeter
520 2239 682 2334 ipsorum
704 2241 913 2335 opinionem
939 2245 990 2317 eis
1011 2243 1245 2329 occurrimus,
1296 2249 1343 2318 ad
1373 2247 1604 2319 tolerandum
1629 2245 1766 2318 tellum
1802 2269 1913 2341 quarn
1943 2241 2241 2340 Peinponneaos'l

247 2341 419 2414 omittent
432 2343 719 2437 expeditionem,
744 2347 955 2438 praesertim
974 2373 1055 2420 cnm
1073 2346 1245 2443 peritissi-
1296 2350 1383 2448 quis
1404 2350 1572 2424 omnibns
1593 2349 1701 2422 rebus
1723 2347 1851 2420 melius
1875 2348 2055 2420 instructa
2076 2361 2143 2434 est,
2167 2359 2241 2416 etse
2271 2373 2272 2376 ¹

246 2469 328 2518 mus
344 2447 477 2517 ducum
493 2445 628 2520 invitus
645 2447 822 2542 acceperit
835 2449 1051 2544 imperium,
1081 2463 1119 2524 et
1132 2451 1245 2522 liben-
1296 2455 1370 2530 stra
1383 2455 1470 2528 urbs
1482 2452 1638 2526 validior
1652 2463 1706 2526 est
1719 2445 1790 2523 hoc
1810 2451 1989 2538 exercitu,
2021 2450 2156 2524 etiarnsi
2172 2447 2242 2539 aopt

247 2557 305 2621 ιιι
331 2548 518 2620 occasione
552 2574 682 2623 usurus
711 2552 759 2622 sit
790 2555 1011 2626 omittendae
1049 2553 1245 2648 expeditio-
1296 2558 1416 2630 maior
1432 2569 1544 2644 esset,
1568 2581 1651 2628 ιιιιιι
1665 2555 1759 2628 nolli
1772 2567 1972 2652 sequantur
1988 2553 2144 2651 equites,
2168 2571 2243 2646 nequ

77 2655 115 2680 '·
216 2696 218 2700 -
247 2650 325 2737 nis,
363 2650 395 2722 si
425 2675 493 2725 nos
528 2652 791 2727 ostenderimus
815 2671 1029 2751 apparatum
1057 2683 1133 2730 non
1160 2681 1245 2730 con·
1297 2657 1358 2734 hle
1372 2659 1526 2736 conduci
1539 2657 1696 2755 possint,
1721 2658 1913 2752 nisipauci
1925 2655 2118 2750 Egestani,
2145 2675 2243 2745 necpe

247 2755 494 2829 temnendum.
1298 2767 1412 2838 ditum
1430 2789 1602 2838 numerus
1616 2763 1655 2834 in
1677 2763 1831 2835 navibus
1851 2785 1919 2856 par
1941 2757 1988 2832 sit
2015 2761 2143 2836 nocuis
2160 2755 2244 2852 pelli·

264 2914 268 2924 ,
350 2857 404 2930 aa
420 2865 548 2932 rumor
563 2862 607 2932 de
620 2861 726 2935 nobis
741 2862 887 2958 augebit
907 2865 1043 2938 omnia.
1094 2863 1246 2936 Moveu-
1297 2871 1376 2944 bns.
1424 2867 1519 2942 Satis
1537 2867 1634 2942 enim
1650 2866 1802 2939 difficilis
1817 2889 1875 2940 ιιι
1890 2877 2001 2950 esset,
2036 2865 2164 2941 levibus
2182 2859 2244 2932 uari·

248 2973 309 3032 tur
334 2973 456 3034 autern
480 2963 594 3036 animi
618 2966 845 3053 mmoribus,
886 2981 923 3040 ct
945 2969 1059 3062 magis
1080 2981 1247 3042 metuunt
1296 2975 1365 3047 hus
1380 2971 1459 3048 sine
1477 2971 1635 3044 eiercitu
1648 2965 1719 3042 huc
1734 2968 1927 3064 navigare,
1953 2993 2013 3044 res
2031 2967 2119 3042 alias
2132 2985 2243 3038 necessa·

247 3061 415 3137 homiues
430 3067 512 3141 illos
527 3064 661 3155 hostes,
684 3069 747 3166 qui
761 3071 901 3165 priores
916 3074 1050 3145 audent
1063 3071 1247 3159 invadere,
1297 3078 1372 3150 rias
1394 3078 1441 3148 ad
1465 3076 1691 3148 obsidionem
1714 3087 1837 3146 mutae
1856 3072 1979 3158 urbis,
2015 3083 2147 3168 quanta
2166 3078 2245 3139 nom

249 3181 314 3240 aut
333 3181 448 3257 certe,
481 3171 545 3268 qui
565 3172 760 3246 ostendunt
780 3199 836 3262 se,
871 3175 902 3247 si
923 3175 1077 3250 lacessiti
1100 3176 1248 3262 merim,
1300 3195 1371 3268 est,
1397 3175 1587 3254 advehere.
1637 3175 1763 3274 ltaque
1779 3178 1873 3248 adeo
1889 3176 2085 3262 dissentio,
2116 3185 2243 3266 utputen

248 3271 392 3345 torum
405 3275 617 3368 depulsuros
633 3299 707 3348 esse
720 3277 874 3364 bellum,
900 3280 986 3374 quia
1002 3281 1056 3350 illi
1070 3279 1194 3352 vident
1209 3305 1247 3352 se
1299 3285 1361 3357 vix
1376 3285 1495 3358 salvos
1513 3285 1611 3370 lore,
1644 3277 1785 3355 etiamsi
1808 3281 1847 3351 in
1859 3279 1978 3352 Sicilia
2003 3275 2206 3359 habitarent,
2225 3281 2245 3338 tl

250 3377 385 3471 inpari
400 3375 561 3470 periculo
578 3381 721 3453 loturos
734 3404 822 3453 esse.
873 3378 972 3453 ldem
994 3383 1132 3454 accidet
1151 3408 1247 3455 nnnc
1299 3412 1343 3461 ex
1366 3390 1479 3459 altera
1502 3398 1603 3459 tanta
1625 3387 1718 3460 urbe
1739 3385 1877 3470 vicina,
1909 3380 2018 3454 nobis
2036 3383 2162 3455 bellum
2179 3379 2246 3446 infer·

249 3477 541 3556 Atheniensibus.
592 3484 779 3555 Accedunt
801 3483 898 3557 enim
922 3487 969 3556 ad
990 3509 1058 3560 nos
1078 3482 1149 3559 hac
1169 3487 1248 3582 opi·
1300 3503 1403 3578 rent,
1428 3503 1564 3587 quanta
1582 3502 1635 3562 est
1650 3499 1795 3574 nostra,
1820 3499 1963 3560 tautum
1977 3487 2098 3572 abest,
2121 3497 2158 3557 ut
2171 3473 2245 3552 eristi

250 3586 383 3674 niune,
423 3587 527 3683 quasi
556 3611 631 3659 non
657 3589 893 3682 repugnaturi
913 3589 1047 3678 simus,
1086 3593 1185 3687 quod
1207 3601 1249 3662 ut
1299 3620 1396 3668 mem
1411 3616 1517 3690 pares
1532 3595 1631 3681 lore,
1656 3617 1737 3666 cnm
1752 3601 1829 3664 tota
1846 3590 1967 3663 sieilia
1986 3575 2074 3684 erga
2096 3613 2153 3660 eos
2169 3575 2246 3654 hosat

251 3691 473 3778 existiment,
504 3687 573 3764 hoc
598 3703 812 3786 argumento
833 3709 1045 3780 moventur,
1079 3695 1164 3791 quia
1177 3692 1250 3765 La·
1300 3699 1425 3772 animo
1439 3698 1496 3772 sit.
1547 3697 1643 3773 Nam
1660 3696 1798 3793 equites
1811 3694 1930 3767 nostri
1941 3694 2139 3787 impedient
2149 3713 2204 3772 tot
2221 3703 2247 3749 ¹¹²

253 3794 505 3872 sedaemonios
527 3795 652 3866 invare
676 3795 879 3884 noluimus,
921 3811 961 3871 ut
991 3809 1249 3870 everterentur.
1302 3803 1424 3898 egredi
1447 3801 1486 3872 in
1512 3813 1647 3872 terram
1673 3799 1831 3894 possint,
1866 3805 1903 3869 et
1920 3797 1960 3868 in
1980 3809 2132 3890 angusto
2150 3783 2246 3862 navalia

244 3903 318 3990 ἲθῆιι
346 3913 466 3972 antem
494 3899 668 3972 videbunt
694 3924 761 3973 nos
785 3915 929 3994 praeter
952 3904 1163 3997 opinionem
1187 3927 1250 3974 au·
1303 3920 1419 3980 castra
1436 3916 1543 3979 erunt
1557 3915 1594 3976 et
1608 3903 1861 3987 tabernacula,
1893 3899 2247 4002 etnecessariiappart

253 4005 359 4090 dere,
385 4003 500 4097 magis
514 4005 814 4099 perterrefientre
831 4005 1037 4099 inopinata,
1062 4029 1171 4102 quam
1185 4031 1251 4101 po-
1302 4022 1372 4085 tus.
1430 4008 1483 4080 Ac
1498 4033 1545 4078 ne
1561 4008 1706 4104 quidem
1724 4019 1899 4077 temnens
1917 3991 2249 4097 potiturosessetfltt

253 4109 388 4183 tentiae
404 4120 549 4181 nostrae
568 4120 679 4182 metu.
1303 4127 1401 4201 troc,
1426 4123 1569 4184 tantum
1585 4109 1765 4182 antecellit
1779 4119 1903 4178 noster
1916 4121 2123 4201 apparatos.
2241 4190 2247 4204 ¹
2269 4109 2270 4148 ¹

356 4209 481 4307 'Quare
495 4206 586 4281 mihi
600 4214 867 4305 obtemperate,
893 4234 1002 4308 quam
1018 4210 1177 4304 primum
1193 4235 1252 4282 oc·
1406 4203 1504 4287 Haec
1521 4239 1619 4286 cum
1649 4211 1766 4286 sciant
1787 4206 2048 4297 Athenienses,
2084 4230 2160 4283 suae
2180 4199 2247 4272 ³th

256 4315 409 4401 ιιιιιιιιί,
429 4326 494 4386 aut
509 4327 604 4386 certe
618 4339 729 4411 quam
745 4312 929 4386 celerrime
944 4327 1113 4410 parantes
1129 4315 1251 4386 omnia
1306 4320 1505 4392 consulent.
1562 4317 1633 4390 Sed
1648 4339 1669 4386 a
1683 4316 1817 4390 nostris
1834 4314 2003 4387 oriuntur
2016 4310 2087 4385 hae
2098 4299 2247 4392 fabularie

256 4420 302 4489 ad
320 4418 475 4504 bellum,
502 4431 537 4488 ct
557 4419 735 4490 ostendite
755 4417 941 4503 omnibns,
975 4419 1073 4514 quod
1094 4431 1253 4489 contem·
1305 4425 1432 4512 rebus,
1471 4447 1565 4519 quae
1585 4445 1651 4492 nec
1672 4433 1777 4505 ιιιιιι,
1813 4442 1880 4490 nee
1898 4417 1978 4511 lieri
2000 4426 2162 4512 possunt,
2191 4421 2248 4500 pl&

253 4533 341 4694 Em
354 4518 513 4594 hostium
531 4521 743 4593 fortitudine
759 4535 795 4592 et
811 4517 912 4592 lactis
936 4523 1173 4599 declarandus
1195 4521 1253 4593 sit.
1305 4527 1379 4599 seio
1402 4547 1479 4597 non
1498 4547 1597 4596 nunc
1619 4523 1778 4616 primurn
1802 4521 1892 4592 tales
1914 4545 2081 4592 mmores
2104 4531 2135 4589 et
2153 4511 2247 4606 peiore

320 4625 522 4717 praesentia
547 4637 668 4697 autem
695 4623 925 4697 utilissimum
948 4648 1043 4710 esse,
1078 4637 1252 4721 tanquam
1306 4650 1493 4724 spargere,
1518 4627 1688 4700 utnobis
1711 4625 1845 4699 territis
1867 4621 2246 4716 imperiaadipiscantur·

256 4727 429 4800 adversus
442 4727 642 4823 periculum
658 4751 740 4800 eum
759 4740 859 4800 metu
878 4728 1002 4798 omnia
1027 4729 1066 4798 in
1087 4739 1166 4800 toto
1190 4751 1265 4829 pag
1306 4735 1359 4805 lle
1379 4745 1534 4822 metuo,
1576 4753 1623 4802 ne
1649 4732 1804 4804 multum
1838 4739 2010 4800 conantes
2043 4727 2175 4796 tandem
2198 4729 2245 4830 pfl·

108 4875 113 4886 ι
244 4854 360 4931 Ιιιιι;
386 4853 427 4901 ιι
442 4831 525 4904 illos
537 4831 683 4927 quidem
696 4855 783 4903 mox
796 4831 971 4904 affutnrm
987 4855 1063 4906 esse
1077 4829 1255 4904 existimo.
1306 4838 1447 4924 liciant,
1480 4835 1580 4932 quod
1600 4835 1749 4920 volunt,
1782 4845 1823 4904 nt
1843 4829 1975 4902 annati
1999 4829 2147 4902 exercitu
2166 4818 2244 4890 cini*

439 4979 606 5054 oro
639 4979 971 5078 mamb
987 4981 1073 5078 o·
1307 4933 2245 5136 ‘rutarataramlzzglmul

1306 5160 1429 5244 pterea
1445 5145 1540 5218 enim
1558 5147 1644 5218 urbs
1668 5157 1792 5216 nostra
1813 5165 1898 5213 raro
1919 5141 2040 5237 quieta
2064 5149 2128 5219 est,
2156 5139 2184 5198 el
2200 5141 2245 5190 Μ·

1308 5252 1444 5323 tamina
1456 5247 1566 5321 habet
1580 5274 1657 5320 non
1672 5274 1752 5320 cum
1769 5244 1924 5317 externis
1947 5240 2121 5326 hostibus,
2143 5231 2191 5304 sed
2205 5227 2244 5292 dl

361 5101 534 5201 Quisquis
547 5127 624 5174 non
638 5104 716 5176 vult
723 5101 959 5179 Athenienses
974 5107 1064 5176 adeo
1082 5100 1256 5198 desipere,

259 5221 301 5284 ut
320 5204 392 5280 hnc
417 5209 563 5280 accedat
583 5209 631 5278 ad
651 5222 788 5280 certum
807 5208 975 5296 exitium,
1014 5204 1045 5282 is
1067 5208 1256 5310 ant-valde

263 5347 471 5367 *uu—.-

218 5433 224 5444 ι
245 5401 249 5408 ’
297 5403 348 5462 57)
366 5407 450 5466 vero]
469 5407 519 5458 ltd
533 5409 610 5462 1⁵⁶2.
627 5411 776 5476 eon-opta:
802 5419 879 5466 rere.
1671 5431 1678 5438 ·

297 5487 367 5548 Ψ)
383 5487 505 5557 Most.
523 5493 573 5560 vt,
589 5495 717 5549 tt-tt).
1342 5491 1392 5550 ιθ)
1408 5487 1636 5554 Peloponnesos]
1647 5485 1698 5543 ΙιΙ.
1708 5485 1783 5541 tm
1802 5493 1900 5538 errore
1917 5483 2044 5549 typum:
2061 5467 2243 5540 nepsam
