4548 5788
246 199 319 278 a51
826 193 951 272 rana.
985 191 1100 267 tun.
1132 189 1338 267 scatere
1371 189 1711 267 rnuonocnca
1879 163 1891 175 '
2195 71 2246 330 sal

246 373 324 458 sui,
352 382 488 468 quanto
503 372 623 440 futura
641 378 731 438 esset
753 369 916 438 acerbior
936 362 1190 462 reprehensio,
1214 365 1245 438 si
1296 365 1391 436 ullus
1404 359 1517 435 homo
1535 367 1699 436 ostendet
1713 365 1752 434 in
1766 358 1822 436 his
1846 363 1981 457 aliquid
2006 389 2026 434 a
2048 389 2104 435 me
2126 353 2246 458 praetii

246 499 329 546 mea
346 473 538 566 asperitate
555 469 702 542 alienati
718 471 762 538 ad
779 465 899 542 hostes
924 471 1150 556 defecissent,
1176 494 1244 539 ncc
1295 467 1443 538 missum
1470 491 1556 539 esse.
1615 467 1654 538 si
1678 468 1758 563 quis
1782 490 2030 563 quemcunque
2050 468 2151 558 igitur
2172 471 2246 544 intrt

247 577 372 649 fuisset
401 577 463 644 illa
495 575 627 643 virium
659 573 810 643 accessio
841 571 987 664 exigua,
1029 573 1059 643 si
1084 573 1245 656 Euboea,
1295 582 1416 661 roget:
1435 569 1576 663 Quibus
1591 572 1697 641 rebus
1713 571 1868 640 maxime
1884 570 1970 639 vicit
1983 565 2115 641 hostis?
2139 597 2229 664 respo

247 678 424 776 Byzantio
450 689 485 746 et
499 673 634 746 Thebis
656 675 792 768 potitus
815 690 917 749 esset.
971 675 1068 770 Quid
1087 675 1246 746 dicerent
1297 674 1434 744 debunt
1464 696 1606 743 omnes:
1646 673 1814 744 Exercitu
1846 685 1882 743 et
1912 674 2130 764 corruptelis.
2187 676 2232 746 Cu

248 784 321 853 mei
336 779 497 850 inimici?
522 801 753 849 nonneame
769 778 899 850 eiectos
915 791 950 848 et
974 779 1136 870 repulsos
1158 803 1245 862 esse,
1298 789 1417 846 autem
1443 797 1508 866 ego
1533 775 1726 846 exercitum
1752 799 1827 844 non
1854 775 2040 858 duxerim,
2075 799 2165 846 ame
2186 803 2220 845 ra

249 909 331 957 cum
352 883 502 952 mallent
525 882 710 952 nobiscum
742 905 815 953 csse
845 881 1052 952 coniuncti?
1087 883 1247 951 dicerent
1298 877 1540 948 dimicationis
1569 900 1646 948 non
1676 889 1729 948 est
1757 881 1973 970 repetenda,
2007 878 2068 948 sed
2096 873 2157 948 hac
2179 905 2217 971 pa

247 984 387 1059 hostem
405 985 637 1079 Hellesponto
659 983 814 1075 potitum
840 1008 914 1055 essc
935 1008 1002 1076 per
1015 983 1245 1078 Byzantium,
1298 980 1369 1050 vici
1393 975 1622 1072 Philippum,
1662 982 1759 1075 qnod
1788 1003 1845 1049 me
1878 980 2031 1073 pecunia
2064 1004 2233 1072 corrumpe

208 1109 210 1120 '
249 1090 352 1161 etin
385 1082 498 1158 hostis
528 1097 744 1180 potestatem
776 1087 914 1158 venisse
941 1099 1054 1156 totam
1074 1083 1246 1157 frumenti
1298 1107 1374 1153 non
1406 1083 1536 1174 potuit.
1595 1083 1647 1152 Ut
1680 1083 1775 1152 enim
1805 1083 1948 1155 licitans
1971 1083 2171 1167 victores,
2202 1110 2216 1152 c

248 1190 569 1274 transvectionem,
611 1189 744 1258 bellum
767 1189 925 1260 vicinum
956 1207 1022 1280 per
1052 1186 1246 1259 Thebanos
1300 1185 1650 1277 emitaccipientem:
1679 1187 1727 1255 ita
1745 1198 1890 1271 contra,
1917 1187 2077 1280 quinon
2099 1186 2220 1278 patitur

247 1293 459 1363 inAtticam
483 1293 695 1362 translatum
721 1315 815 1376 csse,
847 1316 914 1362 nos
933 1305 1082 1384 propter
1103 1290 1247 1360 latroci-
1300 1288 1504 1379 corrumpi,
1530 1309 1596 1355 nec
1612 1287 1761 1380 accipit,
1786 1289 1902 1358 victor
1920 1302 1972 1358 est
1994 1287 2168 1359 licitantis.
2211 1287 2222 1357 l

217 1395 363 1466 'niain
379 1393 565 1464 Euboeam
585 1395 755 1484 navigare
770 1419 845 1463 non
869 1395 1040 1486 potuisse.
1092 1393 1190 1463 Haec
1213 1403 1248 1463 et
1300 1415 1370 1487 que
1388 1403 1563 1484 quantum
1578 1389 1687 1462 inme
1703 1391 1933 1473 fuit,civitas
1947 1391 2016 1462 fuit
2030 1390 2169 1461 invicta.
2189 1391 2230 1458 Ha

251 1499 323 1568 alia
338 1497 516 1567 atrociora
533 1497 705 1567 dicerent.
757 1495 823 1567 Est
838 1497 988 1567 omnino
1008 1497 1248 1567 calumniator
1300 1505 1335 1564 et
1351 1493 1419 1562 alia
1437 1491 1568 1564 similia
1582 1493 1696 1564 multa
1713 1493 1784 1562 dici
1800 1506 1969 1584 possunt,
1988 1517 2080 1588 quae
2096 1497 2237 1564 ostenden

249 1601 346 1671 mala
363 1601 490 1690 pestis,
533 1612 567 1669 et
591 1599 783 1684 insidiosa,
817 1613 852 1668 et
872 1601 1112 1694 undecunque
1136 1600 1247 1668 male·
1300 1595 1574 1691 quaesintmea
1599 1597 1748 1680 merita,
1773 1607 1925 1688 propter
1946 1593 2243 1690 quaectesiphon'

251 1703 394 1773 dicendi
426 1701 650 1772 occasionem
675 1715 834 1795 captans.
892 1701 945 1773 lta
968 1699 1027 1772 hic
1049 1699 1246 1772 homuncio
1300 1701 1482 1769 decretum
1514 1697 1648 1767 iustum
1671 1699 1758 1778 suit;
1793 1701 1924 1768 addam
1945 1723 2036 1768 vcro
2060 1699 2155 1768 vobis
2173 1723 2236 1766 omn

249 1805 359 1876 etiam
387 1815 518 1874 natura
550 1806 644 1874 mala
675 1806 794 1876 bellua
818 1817 889 1889 cst,
920 1829 988 1875 ncc
1010 1802 1161 1877 honesta
1185 1815 1248 1874 aut
1299 1803 1366 1873 bus
1390 1799 1632 1871 notissimum.
1693 1801 1782 1872 Post
1804 1825 1964 1893 pugnam
1986 1801 2107 1872 statim
2130 1801 2236 1893 populu

249 1907 358 1999 digna
387 1904 536 1977 homine
567 1909 721 2001 suscepit
749 1931 930 2002 unquam,
963 1909 1067 1980 simia
1099 1907 1248 1999 tragica,
1301 1903 1365 1999 qui
1396 1916 1432 1972 et
1460 1902 1594 1973 sciebat
1622 1915 1658 1972 et
1686 1904 1826 1974 viderat
1850 1903 1996 1988 omnia,
2031 1929 2121 1998 quae
2143 1929 2222 1994 egem

248 2009 403 2081 rusticus
431 2008 658 2095 Oenomaus,
704 2011 926 2082 adulterinus
958 2006 1096 2083 rhetor.
1164 2010 1246 2103 Qua
1300 2031 1381 2078 cum
1398 2005 1543 2101 quidem
1559 2005 1598 2074 in
1611 2009 1746 2076 recenti
1761 2007 1861 2077 clade
1883 2031 1959 2077 non
1983 2007 2178 2077 mirandum
2198 2005 2233 2074 f'

164 2103 167 2118 '
250 2112 348 2182 enim
370 2111 470 2181 inre
494 2136 657 2208 unquam
681 2126 742 2183 tua
772 2112 976 2208 eloquentia
1000 2115 1139 2207 patriae
1154 2137 1248 2205 pro·
1299 2122 1353 2182 set
1366 2108 1499 2181 multos
1514 2105 1605 2181 mihi
1621 2110 1745 2196 irasci,
1780 2123 1902 2180 tamen
1924 2133 2007 2180 mea
2030 2111 2142 2181 studia
2163 2111 2198 2177 dc

191 2263 199 2278 .
248 2214 344 2284 tuit?
384 2213 490 2286 Nunc
518 2217 562 2285 de
589 2214 792 2308 praeteritis
812 2217 1041 2301 vociferaris,
1082 2230 1124 2287 ut
1145 2215 1194 2313 ⁴¹)
1216 2214 1247 2285 si
1298 2213 1477 2283 fendenda
1494 2213 1584 2282 urbe
1600 2215 1903 2306 comprobarunt,
1930 2227 1967 2283 et
1985 2237 2067 2283 mea
2091 2209 2242 2304 decreta'

250 2316 331 2412 quis
343 2316 505 2386 medicus
519 2330 667 2390 vocatus
685 2321 730 2388 ad
746 2331 972 2412 aegrotantes
989 2314 1082 2389 nihil
1107 2317 1248 2388 consilii
1300 2319 1392 2386 vitas
1408 2315 1625 2410 sequebatur
1642 2316 1681 2385 in
1699 2316 1879 2400 omnibns,
1897 2341 1994 2412 qnae
2009 2318 2054 2386 de
2069 2314 2222 2386 custodiro

250 2419 479 2505 ostendisset,
507 2424 692 2516 quomodo
708 2423 856 2494 morbus
878 2423 1133 2515 depelleretur;
1166 2433 1248 2512 post
1298 2420 1389 2490 urbe
1411 2421 1615 2490 statuebant
1637 2418 1676 2487 in
1698 2419 1855 2492 excubiis
1877 2419 2108 2503 ordinandis,
2138 2419 2170 2486 in
2188 2413 2240 2484 fest'

249 2534 404 2591 mortem
423 2546 510 2593 vcro
527 2548 680 2620 sequens
697 2526 804 2596 funus
821 2526 972 2595 diceret:
1000 2526 1037 2597 Si
1054 2519 1246 2614 istehomo
1300 2522 1465 2613 agendis,
1503 2522 1542 2589 in
1561 2521 1712 2614 pecunia
1735 2524 1972 2608 conferenda,
2016 2523 2055 2591 in
2079 2521 2219 2591 conficien

250 2620 473 2696 fecisscthoc
498 2641 533 2697 ct
554 2621 643 2712 hoc,
676 2651 752 2697 non
775 2642 866 2699 esset
885 2641 1061 2700 mortuus.
1113 2628 1247 2697 Amen·
1299 2648 1435 2695 muros.
1487 2622 1630 2694 Deinde
1649 2649 1707 2694 me
1723 2627 1878 2718 populus
1904 2637 2103 2718 emptorem
2125 2627 2233 2694 frumen

249 2725 386 2798 tissime
416 2751 512 2798 nunc
536 2731 681 2799 tandem
705 2730 812 2815 dicis,
848 2756 930 2801 cum
952 2744 1056 2799 antea
1081 2729 1246 2800 tacueris.
1299 2727 1404 2819 legit,
1432 2739 1467 2796 et
1484 2751 1616 2797 cumse
1634 2729 1737 2797 multi
1763 2729 2052 2815 coniunxissent,
2085 2739 2123 2798 ut
2143 2749 2189 2794 me
2207 2719 2241 2790 tol

248 2827 440 2901 Praeterea
458 2857 539 2901 cum
554 2831 628 2902 acie
644 2833 730 2903 victi
742 2844 843 2916 sunt,
871 2857 942 2927 qua
965 2833 1004 2901 in
1028 2855 1247 2902 commemo·
1299 2833 1433 2915 lerent,
1461 2843 1495 2900 et
1513 2831 1702 2901 adversum
1716 2857 1774 2901 me
1791 2832 2024 2902 instituerent
2046 2829 2232 2901 accusatione

248 2933 390 3003 ratione
407 2945 446 3003 tu
461 2935 629 3005 scelerate
648 2937 803 3019 exultas,
830 2959 909 3004 cum
934 2959 1075 3027 gernere
1103 2947 1247 3027 oporte·
1298 2932 1550 3028 inquisitiones
1566 2947 1602 3004 et
1617 2933 1748 3005 iudicia
1764 2935 1881 3006 laesae
1898 2935 2114 3017 maiestatis,
2139 2955 2191 3001 nec
2206 2925 2241 2994 ln'

248 3048 325 3119 ret,
352 3036 463 3105 inme
480 3061 585 3108 causa
602 3063 678 3108 non
694 3038 910 3138 conferenda
935 3051 1005 3123 est,
1041 3040 1139 3133 quod
1162 3037 1246 3106 inde
1299 3037 1351 3106 tio
1366 3059 1432 3128 per
1448 3059 1542 3123 sese,
1568 3039 1629 3108 sed
1644 3061 1709 3130 per
1726 3038 1835 3123 alios,
1860 3062 1907 3107 ne
1923 3061 1996 3133 qua
2015 3040 2058 3107 de
2080 3036 2155 3128 ipsis
2173 3027 2242 3103 sus'

250 3136 557 3209 ratiocinandum:
587 3164 765 3235 nusquam
781 3140 1083 3232 invlcgationibus
1105 3139 1248 3212 discessi
1300 3139 1356 3209 cio
1375 3139 1542 3211 oriretur.
1595 3137 1810 3212 Meministis
1834 3141 1929 3210 enim
1953 3165 2016 3210 me
2036 3139 2171 3212 assiduis
2189 3129 2241 3202 ind'

160 3273 165 3282 ·
248 3239 363 3312 victus
389 3265 409 3312 a
434 3241 560 3333 legatis
583 3239 762 3326 hostium,
795 3244 858 3312 scd
880 3257 1072 3339 postquam
1098 3245 1174 3316 eius
1197 3245 1248 3313 le·
1300 3243 1363 3312 ciis
1384 3255 1467 3334 post
1489 3263 1648 3334 pugnam
1672 3256 1921 3336 oppugnatum
1950 3269 2039 3316 csse.
2094 3237 2179 3313 Nihil
2193 3211 2246 3304 rclil

251 3342 325 3434 gati
340 3367 359 3412 a
377 3369 434 3412 me
448 3345 599 3416 dicendo
617 3343 775 3437 superati
794 3359 916 3430 erant,
943 3349 1111 3420 accedens
1135 3342 1247 3417 hostis
1300 3357 1457 3440 querunt
1472 3345 1706 3431 intentatum,
1731 3371 1805 3416 non
1827 3347 2007 3439 desperati
2032 3343 2172 3416 hominis
2185 3334 2239 3408 sos·

250 3469 332 3517 cum
358 3448 515 3518 exercitu
538 3448 670 3519 multos
691 3447 843 3520 domuit.
903 3449 1043 3520 Horum
1067 3451 1247 3520 rationem
1300 3447 1362 3518 clis
1381 3447 1641 3534 temeritatem,
1666 3472 1741 3518 non
1756 3446 1971 3520 Philocratis
1989 3447 2233 3526 calumnias,no

153 3545 157 3554 ’
249 3571 351 3618 ame
375 3551 514 3640 poscis,
551 3574 592 3619 ac
614 3551 668 3620 vis
693 3575 712 3619 a
735 3575 793 3622 me
816 3575 890 3622 uno
912 3565 1029 3624 totum
1053 3553 1245 3624 exercitum
1300 3550 1455 3620 aliorum
1474 3553 1625 3622 furores.
1676 3549 1718 3620 ln
1742 3549 1799 3624 his
1820 3565 1943 3622 tamen
1957 3547 2103 3624 'iudiciis
2127 3545 2221 3617 omnib

249 3651 397 3724 vinciet
418 3654 564 3746 quidem
591 3653 721 3724 verbis.
773 3653 875 3723 Hanc
900 3668 1038 3726 tantam
1063 3655 1247 3727 fortitudi-
1299 3652 1457 3747 primum
1483 3651 1550 3723 Dei
1570 3649 1763 3739 beneficio,
1803 3656 1934 3724 deinde
1955 3669 2075 3726 vestro
2099 3655 2176 3722 iuste
2194 3641 2243 3712 viti·

248 3777 442 3824 nemame
467 3753 641 3848 requiris,
674 3779 753 3825 curn
776 3757 923 3850 quidem
946 3759 1135 3829 mollitiem
1156 3755 1248 3828 mihi
1302 3757 1412 3850 Quod
1437 3758 1532 3826 enim
1549 3772 1772 3842 verum-est,
1805 3770 1840 3827 et
1864 3783 1944 3828 cum
1969 3758 2079 3829 iurati
2100 3748 2241 3826 sententia

250 3855 456 3946 exprobres.
506 3855 587 3948 Ego
601 3881 688 3928 vcro
710 3883 798 3954 quas
823 3884 880 3932 res
904 3861 942 3929 in
966 3887 1047 3932 mea
1069 3872 1247 3954 potestate
1300 3859 1471 3944 tuleritis,
1496 3883 1724 3956 nequaquam
1748 3853 2065 3954 reprehendendae
2084 3870 2165 3928 sunt.
2201 3849 2246 3930 lta,

249 3953 388 4028 habui?
413 3957 498 4030 Non
513 3960 655 4032 animos
670 3961 839 4048 militum,
855 3989 930 4034 non
944 3966 1127 4035 fortunam
1143 3987 1248 4057 prae·
1300 3987 1370 4056 que
1386 3987 1466 4032 cum
1484 3987 1542 4032 me
1557 3963 1758 4035 absolvistis
1771 3963 1809 4032 in
1835 3963 1967 4033 iudicio
1994 3965 2105 4034 laesae
2125 3955 2246 4028 molesta-1

243 4060 438 4146 liantium,
464 4085 540 4131 non
554 4062 745 4156 imperium
762 4067 800 4135 in
817 4067 912 4150 acie,
946 4068 1045 4138 cuius
1066 4091 1086 4136 a
1108 4093 1167 4136 me
1190 4090 1248 4136 ra·
1299 4066 1364 4148 tis,
1392 4079 1427 4135 et
1442 4065 1638 4136 adversarii
1652 4089 1728 4136 non
1747 4063 1953 4137 habuerunt
1970 4067 2125 4161 quintam
2145 4069 2237 4152 partun

72 4154 79 4164 ¹
155 4217 156 4220 ,
250 4163 388 4234 tionem
411 4189 597 4257 reposcere
621 4171 837 4260 perversitas
861 4182 923 4239 est.
977 4169 1036 4240 'l'u
1058 4195 1145 4240 vcro
1168 4195 1247 4240 mu·
1300 4167 1574 4260 suffragiorum,
1609 4193 1648 4238 rc
1679 4169 1754 4262 ipso
1787 4169 2050 4262 pronuntiastis
2074 4191 2126 4236 me
2147 4157 2246 4251 optinet

247 4267 347 4339 neris
363 4267 514 4338 oratorii
531 4270 671 4341 ratione
686 4266 866 4340 hocame
882 4272 1054 4363 postulas.
1105 4272 1160 4342 De
1178 4269 1247 4342 hoc
1300 4271 1432 4361 egisse,
1460 4297 1539 4342 cum
1556 4295 1615 4340 me
1631 4274 1820 4344 excusastis
1843 4276 1881 4341 in
1902 4273 2055 4356 iudicio,
2081 4271 2116 4338 in
2135 4279 2246 4359 qu⁰³f7

231 4423 233 4426 -
247 4371 347 4441 nulla
364 4370 509 4456 iudicia,
523 4373 659 4444 nullam
676 4372 945 4466 inquisitionem
962 4375 1117 4466 defugio.
1144 4375 1247 4468 Quae
1300 4375 1470 4443 cusabant
1485 4399 1544 4444 me
1558 4373 1737 4466 scripsisse
1753 4377 1893 4445 decreta
1913 4388 2038 4445 contra
2055 4375 2149 4463 leges,
2163 4375 2237 4471 ⁰⁵¹⁰i'

249 4487 336 4544 sunt
366 4487 486 4543 autem
517 4475 591 4548 eius
614 4475 774 4548 muneris
796 4474 973 4570 propria?
1003 4475 1108 4547 Initia
1131 4501 1172 4547 ac
1194 4502 1248 4549 se·
1300 4475 1400 4547 distis
1430 4501 1489 4546 me
1514 4477 1670 4568 legitima
1697 4479 1895 4572 scripsisse,
1931 4503 2011 4548 cum
2035 4469 2246 4564 comprobarit,

248 4576 349 4646 mina
378 4577 619 4650 mutationum
648 4579 793 4664 videre,
827 4592 863 4649 et
884 4580 973 4651 alios
996 4603 1247 4675 praemonere,
1299 4602 1355 4649 res
1372 4592 1506 4671 gestas,
1524 4579 1675 4651 confessi
1692 4582 1774 4653 estis
1788 4606 1844 4651 mc
1860 4581 1951 4652 iuste
1967 4593 2001 4650 et
2014 4579 2087 4652 sine
2102 4575 2234 4657 corrupt

251 4678 452 4774 quod-feci,
487 4694 522 4752 et
544 4682 706 4778 quolibet
725 4695 889 4775 tempore
915 4685 1147 4770 cessationes,
1173 4698 1246 4756 tar·
1297 4681 1342 4752 lis
1358 4683 1478 4752 omnia
1497 4684 1620 4774 egisse.
1672 4683 1769 4754 Haec
1784 4685 1927 4755 eumilo
1942 4684 2032 4767 sint,
2059 4679 2168 4776 quibus
2186 4685 2232 4734 rer·

249 4783 419 4870 ditatam,
445 4785 709 4879 ignorantiam,
737 4787 1013 4873 contentiones,
1047 4813 1140 4883 quae
1162 4799 1247 4860 sunt
1298 4784 1354 4856 his
1370 4787 1423 4856 uti
1438 4783 1708 4879 Ctesiphontem
1724 4787 1885 4880 oportuit
1899 4788 1944 4857 de
1962 4784 2049 4857 meis
2063 4757 2231 4884 acuonihp?

249 4888 455 4958 communia
473 4901 508 4958 et
523 4890 722 4960 neccssaria
747 4891 910 4963 omnium
936 4891 1121 4963 civitatum
1145 4891 1246 4976 vitia,
1297 4887 1429 4960 Nonne
1444 4889 1570 4959 iisdem
1585 4889 1720 4974 verbis,
1747 4891 1995 4986 quihusantea
2008 4885 2230 4986 populusne·

163 5026 167 5030 ·
249 5003 426 5086 quantum
441 4992 519 5060 fieri
534 5004 669 5085 potest,
696 5017 941 5088 compescere,
969 5009 1005 5066 et
1025 4995 1175 5064 incitare
1198 4994 1247 5064 ci·
1297 4992 1369 5060 rati
1397 4992 1531 5062 iudices
1562 4992 1618 5062 usi
1650 5007 1770 5079 erant,
1812 5006 1847 5066 et
1877 5017 1970 5088 quae
1993 4991 2125 5062 cudens
2142 4983 2228 5090 chttt

248 5118 311 5166 ves
335 5108 371 5166 et
393 5094 510 5166 socios
533 5096 580 5165 ad
603 5097 854 5182 concordiam,
888 5099 937 5186 ad
955 5098 1173 5184 amicitiam,
1206 5120 1246 5168 ac
1298 5095 1395 5186 apud
1428 5121 1552 5190 omnes
1583 5095 1783 5168 confirmat
1849 5097 1920 5167 Sed
1938 5095 2066 5168 ,recitat
2088 5075 2226 5160 aestans

249 5196 296 5266 ad
315 5197 474 5270 studium
488 5211 584 5269 recte
597 5199 764 5273 faciendi.
816 5199 913 5273 Haec
927 5199 997 5271 feci
1013 5201 1155 5286 omnia,
1179 5223 1246 5273 nec
1299 5193 1448 5291 Cephali
1464 5197 1619 5282 dictum,
1647 5199 1710 5293 qui
1726 5199 1898 5291 gloriatus
1913 5197 1967 5272 es't
1979 5221 2015 5270 se
2028 5203 2181 5283 nunquam
2191 5191 2226 5240 ²⁶·

145 5327 146 5332 κ
252 5353 459 5374 ,,,,,,,,,,,
1005 5385 1017 5396 ί
1297 5312 1459 5372 cusatum
1477 5325 1562 5372 esse.
1612 5299 1659 5370 Et
1683 5325 1769 5374 sane
1789 5297 1978 5397 pulchrum
2001 5291 2170 5400 cerremplum
2186 5281 2246 5348 ‘⁵⁸'

285 5435 335 5498 sn
350 5437 397 5500 uu
413 5435 467 5492 ro.
484 5435 561 5497 assa.
579 5449 678 5493 erroro
694 5439 824 5505 anona
846 5435 884 5492 vt.
1225 5475 1228 5482 ,
1296 5403 1409 5475 irnmo
1424 5403 1573 5477 felicitas
1591 5405 1787 5500 quaedam,
1812 5407 1875 5478 ssd
1890 5429 1955 5478 ω
1974 5401 2079 5494 '⁰³85‘
2099 5389 2225 5476 vitame
2245 5479 2246 5488 .
