4624 5792
40 249 99 326 ιιι
122 239 278 318 uun.
303 239 341 314 a.
374 233 774 314 ιιιιιιιιιιιιιιιιο
792 215 1068 345 χοιιιιιιοιιιι
1091 183 1437 318 oecurrente
1461 227 1521 305 ιιι.
1554 233 1908 319 ornosrmms.
1970 243 2046 322 rso

39 415 285 512 magistratibus.
322 407 420 484 Cedo
435 421 562 482 contra
579 432 671 505 quac
686 399 840 480 civitatis
854 407 1000 477 fortuna
1052 395 1141 470 haec
1163 401 1250 474 vitia
1273 416 1397 476 serunt
1418 402 1457 474 in
1480 404 1643 490 civitate;
1684 427 1760 482 non
1785 411 1882 486 enim
1905 440 2046 510 semper

39 537 77 596 cst
88 519 148 590 boc
161 532 339 610 tempore,
370 538 452 584 cum
467 526 542 584 tam
556 510 705 606 benigni
720 524 882 583 oratores
897 529 1002 601 prae·
1053 506 1150 598 apud
1165 527 1230 575 vos
1251 505 1407 578 libertati
1421 506 1521 580 locus
1537 523 1609 592 est;
1642 525 1678 582 et
1700 514 1861 588 divinam
1886 522 2049 592 admiror

37 637 117 706 sunt,
140 615 369 692 dissimillima
382 617 548 710 'prolecto
570 614 714 708 pristini
737 626 868 710 status,
902 633 1002 694 nam,
1053 607 1265 698 patientiam
1296 623 1471 694 vestram,
1518 615 1757 714 quodmodo
1787 629 1926 692 tantam
1955 620 2049 694 mibi

37 725 178 797 utmulta
201 720 507 815 praetermittam,
540 717 668 790 videtis
691 717 730 786 in
753 724 854 788 tanta
878 713 1003 788 solitu·
1052 709 1479 788 libertatemconceditis.
1530 715 1689 788 Proinde
1709 721 1741 792 si
1762 716 1880 794 adhuc
1901 749 1921 794 a
1944 726 2049 798 vobis

37 829 119 911 dinc,
143 849 231 920 quae
248 824 386 894 occasio
400 820 637 914 recuperandi
650 819 794 913 imperii
809 819 929 889 oblata
945 815 1003 887 sit.
1035 857 1037 866 ι
1054 813 1242 906 impetrari
1259 825 1395 905 potest,
1419 830 1460 885 ut
1475 811 1563 888 haec
1578 819 1665 890 vitia
1680 823 1886 917 corrigatis,
1919 829 2051 900 milite·

35 931 113 1002 Nam·
122 924 487 1001 Lacedaemoniorum
509 923 603 994 vires
622 924 756 994 fractae
778 933 880 1004 sunt,
907 914 1004 990 The·
1054 914 1100 986 tis
1122 915 1210 1007 ipsi,
1236 916 1445 1013 faciatisque
1467 933 1607 992 caetera
1630 946 1698 1015 pro
1720 926 1895 1020 dignitate
1917 943 2051 1015 vestra,

35 1032 104 1102 bani
118 1029 296 1123 occupati,
318 1053 427 1099 nemo
450 1040 637 1121 praeterea
658 1025 818 1121 reliquus
842 1033 914 1108 est,
940 1018 1004 1115 qui
1056 1017 1152 1114 eam)
1166 1019 1338 1110 pecunia,
1364 1043 1474 1114 quam
1496 1036 1646 1116 propter
1668 1031 1915 1104 necessitatem
1940 1034 2052 1104 inter-

36 1148 149 1204 certare
167 1135 210 1206 de
226 1132 433 1228 principatu
455 1129 640 1201 vobiscum
661 1129 786 1222 possit.
844 1124 899 1196 lbi
923 1148 1003 1195 cum
1058 1119 1194 1213 cipitis,
1242 1123 1397 1194 utamini
1430 1125 1476 1193 ad
1507 1149 1584 1196 rem
1617 1134 1832 1218 gerendam,
1878 1160 2052 1228 magnum

36 1237 103 1306 citra
120 1237 312 1327 periculum
334 1247 498 1306 nostrum
514 1231 667 1326 imperio
683 1229 795 1326 potiri
809 1250 1006 1322 possemus,
1057 1226 1308 1310 commodum,
1335 1239 1512 1320 quantum
1530 1229 1706 1304 coniicere
1721 1259 1832 1328 queo,
1855 1236 1947 1309 lucri
1961 1240 2053 1308 secc-

35 1363 69 1406 ne
88 1351 201 1410 nostra
222 1339 368 1434 quidem
391 1336 529 1406 interea
552 1335 658 1406 tutati
682 1358 824 1412 sumus;
857 1327 1005 1401 ditionis
1057 1326 1148 1398 ritis.
1210 1325 1257 1398 Et
1279 1323 1487 1400 huiusmodi
1511 1332 1658 1425 quidem
1681 1337 1849 1406 lucellum
1871 1342 2052 1434 negligere

35 1440 111 1510 enim
135 1454 271 1532 partem
297 1439 501 1523 amisimus,
542 1437 732 1508 effudimus
764 1436 896 1505 frustra
924 1432 1006 1524 plus
1058 1431 1214 1513 suadeo,
1252 1433 1352 1524 quod
1379 1429 1470 1500 mihi
1499 1434 1680 1526 persimile
1703 1440 1846 1509 videtur
1870 1443 2054 1527 demenso,

36 1567 123 1636 quam
137 1545 233 1613 mille
250 1555 286 1614 et
301 1533 495 1638 quingenta
514 1541 669 1620 talenta3
696 1538 796 1632 socii,
816 1561 907 1632 quos
922 1533 1007 1604 belli
1059 1533 1157 1625 quod
1180 1545 1327 1623 aegroto
1350 1535 1537 1608 amedicis
1562 1539 1679 1611 datur.
1744 1542 1839 1614 Nam
1864 1558 1906 1614 ut
1925 1547 1963 1616 id
1985 1571 2053 1615 nec

35 1658 172 1738 tempore
187 1646 293 1718 nobis
317 1647 593 1716 adiunxeramus
615 1643 654 1710 in
676 1665 784 1733 pace,
819 1652 1005 1710 oratorum
1058 1635 1152 1704 vires
1173 1635 1303 1719 reficit,
1336 1660 1402 1706 nec
1429 1640 1598 1710 morbum
1623 1643 1807 1740 vitamque
1829 1647 1932 1718 linire
1956 1648 2055 1734 sinit,
2175 1677 2179 1687 ·

36 1748 196 1838 culpanos
213 1751 415 1832 deseruere,
437 1743 578 1819 hostem
596 1749 784 1816 adversum
801 1767 868 1814 nos
885 1741 1008 1810 valen·
1058 1736 1108 1807 ita
1132 1733 1316 1809 theatralis
1338 1739 1511 1832 pecunia,
1551 1767 1622 1838 qua
1645 1747 1831 1833 fruimini,
1862 1774 1929 1820 nec
1953 1764 2054 1820 tanta

35 1849 186 1922 tissimum
204 1851 455 1930 instruximus;
479 1872 597 1944 neque
614 1848 709 1918 enim
723 1837 1008 1942 quisquamPhi·
1060 1852 1131 1924 est,
1168 1853 1210 1911 ut
1229 1864 1450 1933 magnopere
1473 1846 1650 1918 conducat
1670 1851 1718 1919 ad
1738 1875 1817 1920 rem
1835 1853 2076 1926 familiarem.

34 1952 113 2044 lippo
129 1968 270 2046 praeter
285 1979 352 2026 nos
368 1966 510 2024 tantum
526 1951 657 2022 virium
674 1949 804 2022 attulit.
862 1945 932 2019 Sed
947 1968 1011 2040 ur·¹
1059 1942 1229 2035 privatim
1260 1944 1571 2038 locupletandam,
1610 1963 1647 2021 et
1675 1978 1756 2023 cum
1781 1955 2055 2049 desperaveritis

34 2055 209 2143 barneres,
234 2059 391 2154 inquies,
416 2045 677 2149 splendidiores
693 2065 787 2125 sunt.
831 2049 894 2119 Dii
907 2047 1008 2132 boni,
1060 2043 1174 2116 multo
1197 2047 1395 2140 ampliora,
1430 2054 1613 2143 quomodo
1638 2079 1729 2150 quae
1752 2057 1841 2129 foris
1865 2060 1998 2129 virtute
2021 2071 2056 2128 et

35 2157 104 2250 quid
132 2161 260 2232 attinet
289 2183 473 2231 recensere
495 2156 765 2250 propugnacula
788 2154 882 2224 calce
905 2151 1009 2232 illita,
1061 2149 1249 2220 militando
1274 2153 1427 2242 petenda
1452 2167 1567 2226 erant.
1634 2157 1736 2228 Hanc
1765 2160 1903 2232 interea
1925 2163 2056 2254 stipem

33 2262 93 2330 vias
110 2276 326 2347 constratas,
351 2265 467 2334 fontes
487 2263 621 2360 factos,
653 2273 689 2329 et
710 2251 918 2328 huiusmodi
941 2277 1008 2324 nu-
1061 2249 1226 2337 aulertis,
1253 2277 1319 2322 nec
1335 2254 1475 2346 publice
1492 2257 1575 2327 usui
1592 2282 1666 2331 csse
1685 2263 1873 2361 possit“)‚
1905 2266 1967 2334 sed
1993 2264 2058 2332 alit

32 2387 90 2452 gas.
149 2365 251 2459 Quin
281 2365 446 2458 spectatis
478 2355 663 2434 tantarum
697 2381 819 2432 rerum
854 2370 1012 2440 autores,
1062 2366 1202 2425 tantum
1219 2356 1259 2424 in
1273 2357 1421 2448 singulis
1431 2358 1598 2429 inertiam
1618 2377 1725 2459 atque
1739 2364 1934 2456 ignaviam.
1959 2365 2058 2437 Num
2176 2447 2180 2460 Ι

33 2492 165 2559 quorum
181 2470 246 2538 alii
263 2494 345 2540 cum
362 2463 801 2558 mendicarincanceafl),
835 2484 932 2534 nunc
953 2459 1007 2527 lo·
1061 2458 1170 2549 igitur
1193 2459 1269 2543 vis,
1309 2461 1448 2554 inquiet
1479 2463 1627 2558 aliquis,
1667 2480 1709 2537 ut
1734 2469 1897 2538 mercede
1927 2468 2058 2538 milite.

31 2569 245 2660 cuplctissimi
273 2584 376 2651 sunt;
419 2569 481 2638 alii
505 2570 690 2664 quondam
705 2555 876 2650 obscuri,
912 2585 1010 2633 nunc
1061 2560 1165 2632 mus?
1213 2560 1293 2654 Ego
1308 2588 1395 2634 vero
1414 2567 1556 2656 patior,
1582 2583 1623 2639 ut
1636 2565 1849 2641 theatralem
1866 2573 2057 2664 pecuniam

31 2673 253 2764 amplissimos
273 2671 431 2745 honores
455 2684 602 2767 gerunt,
643 2670 874 2764 quorundam
905 2667 1008 2736 aedes
1061 2665 1264 2750 retineatis,
1292 2680 1327 2735 et
1342 2681 1463 2737 tamen
1487 2668 1536 2738 ita
1561 2670 1653 2741 volo·
1672 2673 1841 2744 constitui
1865 2663 2058 2758 civitatem,

32 2777 299 2868 magnificentia,
325 2775 469 2870 publica
495 2774 655 2844 aedilicia
679 2775 840 2842 vincunt.
890 2769 1008 2839 Porro
1061 2781 1114 2853 ut,
1136 2792 1217 2838 cum
1232 2773 1424 2862 pecuniam
1440 2772 1581 2863 publice
1598 2776 1794 2868 accipiatis,
1817 2777 1973 2848 vicissim
1988 2777 2059 2846 rei-

31 2873 85 2948 hoc
98 2881 251 2954 deterius
268 2877 379 2950 habet
393 2876 612 2970 respublica,
647 2901 719 2970 quo
743 2874 856 2968 magis
878 2871 1011 2940 florent
1062 2872 1227 2963 publicae
1255 2873 1346 2944 detis
1374 2899 1542 2967 operam,
1583 2902 1798 2974 quacunque
1830 2880 1870 2949 in
1898 2905 1937 2950 re
1967 2904 2059 2971 opus

30 3006 74 3052 res
86 2984 248 3056 istorum.
1061 2975 1182 3047 fuerit.
1221 2973 1442 3047 Numetiam
1458 2977 1572 3050 otium
1586 2982 1725 3050 nemini
1739 2981 1941 3074 permittis?
1974 2982 2060 3053 Non

114 3085 159 3156 Et
172 3098 360 3157 tantorum
377 3083 522 3180 quidem
540 3081 720 3152 malorum
742 3074 833 3148 haec
857 3089 910 3148 est
929 3099 1010 3144 cau·
1062 3077 1229 3161 invideo,
1261 3079 1350 3173 quin
1374 3080 1507 3151 fruaris
1530 3083 1626 3168 otio,
1659 3085 1770 3155 modo
1793 3109 1813 3153 a
1834 3083 2061 3179 turpitudine

33 3209 80 3269 sa,
105 3193 219 3284 quod,
239 3215 319 3260 cum
337 3187 510 3258 militaret
523 3208 591 3278 pro
604 3207 681 3254 sese
697 3181 873 3276 populus,
898 3179 1012 3270 impe·
1064 3183 1230 3265 desistas,
1255 3205 1365 3276 quam
1390 3183 1504 3252 otium
1528 3200 1563 3255 et
1582 3187 1705 3279 inopia
1728 3188 1836 3280 parit.
1897 3187 2006 3281 Quod
2031 3186 2063 3257 si

29 3289 117 3362 rabat
131 3293 173 3364 iis
193 3291 324 3376 etiam,
351 3289 415 3385 qui
427 3285 686 3379 rempublicam
702 3285 894 3377 gerebant,
920 3293 956 3351 et
972 3280 1011 3348 in
1063 3287 1197 3358 bellum
1215 3284 1401 3370 inciderit,
1427 3311 1495 3377 par
1517 3301 1589 3374 est,
1618 3303 1682 3374 us,
1717 3315 1797 3361 cum
1821 3292 1977 3362 utamini
1997 3314 2062 3382 pa.

29 3406 187 3482 potestate
205 3419 270 3468 sua
285 3388 468 3464 habebant
480 3390 642 3485 praemia
658 3386 779 3460 omnia
795 3387 950 3469 virtutis,
977 3397 1012 3454 et
1064 3390 1154 3460 triae
1177 3391 1350 3480 pecunia,
1388 3388 1545 3462 vicissim
1564 3391 1736 3466 militetis.
1805 3393 1973 3487 Quodsi
2004 3393 2061 3464 cui

29 3511 238 3568 moserata
265 3496 402 3590 populo
425 3508 547 3588 petere
566 3490 745 3574 h0¹¹0r⁰8‚
770 3489 1012 3583 magistratus,
1063 3518 1138 3563 non
1153 3491 1264 3562 suerit
1279 3507 1375 3563 aetas
1390 3493 1576 3579 militaris,
1611 3508 1688 3565 tum
1715 3498 1825 3565 modo
1849 3497 1959 3588 gratis
1983 3510 2061 3566 uta-

29 3598 257 3696 besseficlaque
283 3599 366 3671 alia·
431 3597 536 3670 Nunc
559 3608 683 3666 contra
708 3616 818 3686 penes
849 3603 1011 3660 oratores
1064 3610 1123 3666 tur
1138 3593 1353 3665 liberalitate
1373 3595 1669 3694 reipublicaett),
1704 3598 1872 3689 deinceps
1897 3598 1947 3667 ita
1972 3597 2062 3668 acci·

29 3705 138 3771 omnia
156 3704 348 3774 commoda
364 3700 463 3771 urbis
477 3709 579 3779 sunt,
604 3710 639 3768 et
654 3720 718 3789 per
733 3691 800 3766 hos
814 3693 936 3763 omnia
953 3715 1012 3781 ge·
1063 3698 1159 3791 piat,
1187 3708 1228 3765 ut
1242 3695 1342 3765 domi
1358 3696 1513 3767 vicissim
1530 3699 1790 3790 rempublicam
1813 3713 1914 3770 curet
1940 3713 1976 3769 et
1999 3700 2062 3770 ad-

28 3818 165 3892 nmtur‚
190 3831 257 3876 vos
273 3802 433 3876 enervati
448 3815 483 3873 et
495 3799 673 3883 mutilati,
709 3797 848 3868 amissis
871 3791 1012 3865 auxiliis
1063 3799 1254 3870 ministret.
1671 3829 1673 3834 ·

27 3919 56 3974 et
71 3911 242 4000 pecunia,
267 3904 455 3978 rhetorum
478 3901 657 3995 mancipia
681 3899 782 3983 estis,
814 3921 880 3968 nec
902 3919 1012 3990 penes

26 4033 80 4081 vos
96 4012 289 4106 imperium
306 4023 377 4094 est,
410 4011 471 4080 sed
495 4006 547 4076 illi
569 4005 671 4075 vobis
695 4003 792 4071 velut
815 3997 1011 4093 appendice

24 4124 176 4189 utuntur.
229 4113 364 4208 Estque
379 4113 520 4183 abunde
534 4107 620 4181 satis
635 4105 756 4188 vobis,
791 4105 889 4197 quod
912 4096 1013 4170 thea-

25 4217 142 4286 tralem
157 4217 349 4312 pecuniam
364 4215 588 4306 largiuntur,
615 4223 650 4281 et
663 4229 927 4300 nonnunquam
942 4198 1013 4274 huc

26 4320 65 4386 ad
80 4345 178 4390 sacra
196 4320 369 4414 praedam
384 4317 544 4400 mittunt,
569 4338 636 4406 pro
655 4335 729 4406 quo
745 4307 918 4379 beneficio
933 4330 1013 4400 gra-

24 4417 103 4492 tiam
120 4423 231 4493 etiam
247 4447 312 4495 vos
329 4419 379 4491 eis
394 4420 523 4491 debere
541 4415 725 4498 iudicatis,
752 4412 851 4507 quod
867 4423 921 4482 est
938 4423 1013 4480 tur·

24 4523 224 4612 pissimum,
251 4550 332 4596 cum
349 4526 394 4593 de
410 4534 529 4593 vestro
544 4519 617 4590 sint
634 4517 818 4598 liberales,
844 4537 909 4585 vos
924 4535 1012 4582 vero

23 4627 115 4698 domi
131 4629 370 4711 concludunt,
403 4623 530 4694 callide
551 4623 773 4703 subducunt,
803 4615 943 4713 sibique
965 4614 1013 4683 ci-

22 4751 140 4802 curare
158 4745 194 4803 et
208 4729 474 4801 mansuefacere
488 4726 623 4806 solent;
656 4747 732 4793 non
754 4730 873 4814 potest
892 4730 1011 4789 autem

21 4832 128 4905 animi
144 4835 310 4906 alacritas
326 4828 533 4903 conservari
549 4825 589 4897 in
603 4826 691 4897 otio.
748 4823 843 4896 Nam
866 4823 941 4892 sere
962 4819 1013 4890 ita

24 4937 174 5021 gerimus
190 4937 374 5022 animum,
400 4947 441 5006 ut
455 4933 550 5002 vitae
566 4927 788 5001 consuetudo
812 4939 847 4997 et
867 4920 1013 5016 negotia
1072 4967 1279 4988 ...-

22 5042 287 5122 asscrefeccrint3
312 5061 429 5133 neque
444 5059 531 5105 vero
544 5033 678 5103 mirum
698 5029 808 5100 fuerit
829 5053 894 5125 per
907 5026 1014 5097 Cere·
1098 5086 1148 5148 ⁵²)
1167 5087 1216 5146 a]
1236 5079 1341 5134 mg
1361 5079 1467 5145 mm
1487 5092 1511 5130 s.
1529 5089 1574 5144 Μ
1596 5077 1648 5131 Μ
1668 5079 1745 5132 ¹532
1762 5081 1793 5130 „t
1811 5089 1854 5131 ω,
1956 5071 1957 5076 “

22 5159 112 5225 rem,
138 5142 170 5212 si
188 5141 388 5234 graviorem
403 5139 442 5208 in
457 5163 514 5206 me
531 5158 686 5229 poenam
703 5145 851 5252 propter
868 5129 1013 5248 liberta:
1098 5185 1148 5253 ω)
1166 5187 1223 5237 nec*
1234 5197 1260 5248 p·
1279 5197 1306 5234 u.
1327 5195 1392 5232 csse
1409 5180 1515 5245 mmm
1534 5181 1576 5232 rte
1593 5181 1644 5232 M·
1662 5185 1770 5250 m·
1788 5193 1813 5236 ι.
1830 5191 1875 5246 ⁸=t
1910 5179 1960 5232 m
1980 5180 2059 5234 m

22 5250 89 5312 tem
103 5240 211 5316 huius
228 5241 402 5317 orationis
418 5239 625 5322 statueritis,
652 5261 761 5332 quam
778 5260 816 5305 m
829 5234 924 5318 illos,
950 5256 1013 5328 qur
1135 5267 1206 5321 quse
1222 5265 1274 5304 nec
1291 5267 1316 5315 p.
1335 5265 1362 5306 u.
1381 5262 1445 5301 esse
1463 5254 1565 5314 potest

1098 5361 1148 5418 st)
1168 5352 1412 5420 retpusuceant
1431 5353 1507 5406 tote.
1527 5362 1626 5404 errore
1642 5354 1775 5420 typom
1798 5347 1958 5412 repetunt.

53 5483 102 5543 at)
121 5483 156 5536 tl.
175 5481 194 5538 l.
212 5483 241 5536 tn
256 5441 307 5534 Ed.
324 5480 433 5546 Ιιμιι.
452 5489 476 5532 ι.
495 5485 523 5528 e.
540 5474 610 5525 rste
626 5468 762 5538 nerana
787 5465 891 5522 noue
1097 5461 1148 5522 δῦ)
1166 5458 1279 5518 trdtcte]
1302 5455 1344 5508 ⁸¹⁰
1360 5456 1437 5508 mle
1455 5452 1505 5506 ld·
1525 5452 1620 5513 iifl-t
1642 5451 1693 5503 ΙιΙ·
1711 5451 1820 5516 Rem.
1838 5463 1863 5506 ι.
1881 5462 1909 5505 ιι.
1926 5449 2042 5504 trttcto.

1166 3951 1208 4022 ln
1229 3976 1390 4036 summa,
1422 3951 1613 4045 pristinam
1637 3954 1882 4028 confusionem
1908 3955 2062 4030 civitatis
2127 3974 2131 3982 '

1066 4057 1241 4141 emendo,
1262 4079 1379 4148 pauca
1395 4068 1471 4126 tum
1490 4056 1646 4150 eripiens
1669 4057 1791 4144 vobis,
1825 4071 1902 4131 tum
1928 4062 2061 4129 condo-

1064 4183 1176 4244 nans,
1196 4171 1237 4230 ut
1253 4158 1322 4228 rite
1336 4159 1540 4253 accipiatis,
1573 4160 1756 4246 militetis,
1790 4163 1981 4232 exerceatis
2007 4162 2062 4232 iu·

1066 4261 1233 4359 diciass),
1259 4261 1419 4346 faciatis,
1446 4287 1538 4357 quae
1554 4287 1622 4356 pro
1640 4276 1757 4334 aetate
1779 4263 1908 4359 cuique
1934 4288 2062 4334 conve-

1065 4365 1182 4437 niunt.
1231 4362 1355 4435 Nolim
1370 4365 1552 4456 publicam
1567 4365 1757 4457 pecuniam
1781 4365 1993 4460 dilapidari,
2026 4381 2063 4438 et

1066 4494 1145 4540 cum
1161 4467 1334 4537 debeatur
1349 4465 1414 4551 iis,
1439 4467 1653 4563 quinavant
1676 4494 1824 4562 operam
1849 4469 1948 4556 urbi,
1980 4494 2061 4563 gra-

1066 4573 1110 4645 tis
1140 4569 1294 4655 effundi,
1326 4594 1392 4641 nec
1418 4570 1526 4640 velim
1559 4596 1738 4668 quemque
1767 4573 1874 4644 simul
1904 4573 2061 4645 otiosum

1065 4777 1155 4872 lippi
1168 4772 1348 4868 hospites,
1371 4789 1412 4847 ut
1426 4777 1511 4848 talia
1530 4779 1575 4848 de
1593 4777 1694 4850 vobis
1715 4779 1896 4863 ferentum
1931 4778 2060 4850 videtis

26 5400 230 5417 -Ἠ

1066 4700 1140 4747 csse
1157 4687 1193 4744 et
1209 4697 1323 4764 egere.
1374 4672 1516 4768 Siquid
1533 4675 1695 4748 acerbius
1710 4675 1804 4762 dixi,
1830 4671 2061 4750 iaciuntPhi·
2180 4687 2188 4698 ’
