4548 5788
14 164 79 242 m·
179 161 367 242 mrxvur
397 89 638 245 '‘mraurrc
665 157 928 245 ommoms
951 136 1845 261 ruscnnmconmnrrasrrnourrn.
1956 163 2050 272 sicit
2152 125 2154 133 s
2259 279 2260 284 i

14 329 329 410 rffium'vellet'.
344 387 353 406 «.
393 334 446 408 lta
475 340 621 412 medem
645 341 829 414 decretum
857 358 899 414 etr
922 345 990 445 sne
1040 355 1246 440 praenest«,
1280 335 1472 446 nunquam
1495 333 1713 447 reipublicae
1737 359 1829 433 bene
1859 361 2046 453 cousdleti'

14 437 171 510 sententia
199 439 388 533 sc'riptnm'
411 462 478 534 per
511 443 587 514 vim
618 437 820 541 extorquet.
876 439 991 539 Quod
1040 443 1261 540 es-quinon
1284 458 1487 552 amat'eos‘,
1514 467 1605 550 quos
1626 471 1756 532 namra
1774 465 1880 540 nobis
1898 465 2042 575 emissit}

14 555 116 613 tutem
131 545 427 640 eratreliqumn,
450 559 492 618 ut
507 548 703 638 proderent
716 548 987 642 Gersultleptea,
1019 541 1119 641 rrues
1150 547 1533 652 cbniunrtissimosque
1562 585 1638 632 esse
1670 566 1805 652 voluit,
1845 563 2038 669 nunqua't'n'

14 657 36 714 rt
54 642 234 736 regionem
258 643 455 733 Thraciae,
479 643 907 746 id'quoqueaetlecerunt
926 651 991 722 die
1038 671 1105 721 vos
1121 651 1355 742 plurlslaciet
1375 682 1484 752 quam
1503 675 1661 747 erter0s3
1687 690 1756 739 nec
1778 673 1841 766 qui
1862 672 2038 766 privatim·
2113 723 2119 735 ι

14 746 181 818 lebruarii
201 746 283 832 Μ,
328 749 538 846 prinsquam
568 749 831 854 Demosthenes
858 774 988 828 secun-
1037 753 1156 852 malus
1182 766 1254 840 est,
1289 761 1431 852 publice
1463 787 1623 859 unquam
1650 770 1769 843 bonus
1796 773 1939 850 murus
1961 773 2056 867 'eslii

14 851 77 918 lam
100 851 315 942 legationem
342 845 459 924 obiret
482 855 529 924 ad
545 854 790 948 recipiendum
807 857 986 930 insiumu-
1036 878 1102 924 nec
1118 855 1223 925 dorni
1244 881 1404 955 nequam
1426 861 1560 954 homo,
1598 870 1638 941 in
1661 872 1875 950 Macedbnia
1897 873 2042 977 legatus

14 955 91 1022 hm.
123 953 217 1025 Nam
235 955 300 1026 iste
316 975 538 1051 quamquam
548 981 591 1028 se
605 954 766 1054 Philippi
781 983 822 1031 ac
831 961 985 1032 Alexan-
1017 992 1020 1000 v
1036 953 1207 1033 honestus
1220 961 1350 1049 fuerit,
1373 988 1457 1036 cum
1469 993 1547 1040 non
1561 997 1701 1061 mores,
1727 981 1789 1048 sed
1810 979 1940 1055 locum
1954 982 2044 1057 tan-⁴

14 1057 55 1126 lri
73 1051 214 1127 hostem
233 1053 418 1151 perhiberi
440 1060 546 1145 velit,
586 1061 641 1132 bis
670 1063 709 1131 in
732 1063 988 1135 Macedoniarn*
1036 1072 1113 1164 tura
1131 1075 1259 1136 mutet.
1770 1088 1774 1101 '
1838 1157 1842 1166 1
1950 1085 2041 1183 '¹'.‘‚

14 1159 315 1254 rgationisspeciu
330 1163 510 1254 proiectus
526 1175 597 1247 est,
624 1187 705 1236 cum
721 1189 767 1237 ne
782 1168 891 1239 semel
905 1164 985 1262 qui-
1122 1164 1244 1266 3Unde
1260 1167 1372 1260 igitur
1385 1168 1437 1240 sic
1458 1172 1668 1250 immutatus
1687 1179 1763 1252 est?
1784 1180 1918 1259 'Venid
1935 1183 2040 1264 enlhl'

14 1261 77 1330 leur
98 1263 131 1330 ei
150 1263 329 1354 proficisci
349 1263 486 1336 liceret.
549 1265 597 1336 Et
617 1269 682 1361 qui
702 1289 799 1343 nunc
825 1271 924 1341 iubet
945 1268 989 1336 in
1018 1265 1084 1332 'ad
1099 1269 1295 1339 secundum
1317 1279 1479 1368 tempus,
1507 1289 1542 1347 et
1560 1303 1652 1373 quae
1672 1307 1729 1353 res
1753 1307 1836 1357 eum
1862 1295 1952 1362 adeo
1976 1291 2039 1368 shl'

14 1361 206 1436 tlacedones
221 1369 408 1458 despuere,
424 1367 455 1440 is
472 1367 510 1436 iu
527 1368 738 1442 concionem
747 1373 894 1445 veniens
902 1373 987 1444 sub·
1025 1367 1245 1440 dissimilem
1275 1374 1378 1460 lecit,
1413 1390 1474 1464 ut,
1517 1403 1598 1451 cum
1624 1380 1855 1474 ,Ρῑὶὶῑῡῦῐὸῑθδ
1888 1387 2040 1554 capital}

14 1479 159 1551 mim,
193 1469 356 1561 prodidit
387 1493 508 1563 regem
530 1468 721 1546 Thraciis,
759 1474 986 1568 ,Adscripeit
1036 1470 1169 1542 iudicio
1200 1491 1449 1565 accusaretur,
1491 1481 1752 1560 Demosthenes
1785 1507 1886 1564 actor
1917 1510 2042 1579 esset..

14 1569 86 1637 inim
100 1566 324 1644 Philocrates
339 1572 430 1643 clam
448 1573 488 1643 in
503 1576 659 1660 decreto,
682 1577 791 1671 idque
807 1579 985 1672 approba·
1018 1587 1073 1646 ,et
1103 1576 1198 1645 unde
1228 1603 1296 1650 nos
1322 1580 1361 1648 in
1390 1595 1508 1658 tantas
1529 1588 1750 1664 calamitates
1777 1595 1944 1691 scelestus
1972 1595 2042 1676 ille¹

14 1671 47 1740 rit
59 1670 338 1760 Demosthenes,
366 1688 408 1746 ut
425 1699 469 1746 eo
482 1677 542 1749 die
558 1677 807 1752 iusiurandum
824 1678 985 1775 Philippi
1037 1677 1207 1763 coniecit,
1233 1688 1544 1778 operaepretium
1570 1695 1782 1768 essurire.
1831 1696 2032 1799 Postquam
2162 1733 2165 1740 ’

14 1775 112 1864 agatis
124 1776 307 1850 sociorum
315 1779 423 1870 legati
437 1781 578 1856 darent.
602 1782 720 1854 Porro
738 1807 758 1852 a
773 1810 857 1877 rege
867 1781 986 1855 Thra·
1036 1779 1134 1851 enim
1149 1778 1339 1876 Philippus
1360 1790 1479 1859 subito
1502 1790 1598 1863 intra
1613 1794 1721 1888 Pylas
1743 1805 1965 1891 penetravit,
1996 1803 2039 1880 εἰ·

14 1877 66 1946 iae
85 1902 192 1962 nemo
217 1879 356 1972 legatus
380 1881 420 1950 in
443 1885 618 1954 cendone
640 1899 738 1973 erat,
765 1889 815 1960 ita
837 1886 987 1959 exclusit
1035 1877 1276 1956 Phocensium
1303 1890 1410 1963 nrbes
1433 1896 1579 1979 evertit,
1613 1920 1654 1968 ac
1675 1896 1871 1988 'Pliebanos
1903 1901 2040 2007 rendli?

14 2001 85 2049 unc
104 1983 303 2057 avfoedere.
361 1984 481 2079 Quem¹
496 1999 617 2060 autem
639 2008 725 2060 vera
745 1992 882 2075 dicam,
907 1990 984 2083 lege
1017 1987 1298 2074 summarie,
1334 2006 1375 2063 ut
1402 1997 1513 2088 paulo
1543 2011 1626 2069 ante
1652 2009 1738 2072 tunc
1759 2008 1961 2098 putabatis,
1994 2005 2041 2105 et·

14 2077 98 2168 nihi,
118 2085 200 2178 quis
214 2087 324 2159 buerit
337 2089 469 2159 decreti
488 2103 606 2176 autor,
625 2083 706 2187 quis
721 2095 952 2188 subscriptor.
1016 2109 1101 2160 :ros
1115 2093 1335 2166 consternati
1351 2119 1436 2168 vasa
1454 2123 1499 2169 ex
1512 2101 1607 2192 agris
1619 2101 1665 2194 ,in
1683 2108 1810 2178 urbem
1825 2108 2042 2206 comporta-s

89 2187 282 2260 Praeclara
305 2215 362 2265 res
392 2204 445 2264 est
472 2193 615 2286 publica
644 2198 827 2284 custodia,
865 2195 987 2292 nsque
1035 2190 1142 2277 retis,
1165 2195 1274 2287 legati
1287 2199 1386 2290 pacis
1401 2200 1589 2274 faciendae
1608 2210 1830 2283 causamissi
1843 2215 1881 2284 in
1897 2209 2040 2312 magna'

14 2286 86 2356 mirn
109 2293 337 2383 publicorum
368 2308 532 2366 actorum
556 2299 739 2372 ⁴nannai-ia
768 2300 983 2372 intercidere
1035 2294 1183 2402 invim'a-
1197 2312 1320 2386 erent,
1347 2306 1558 2394 praesertim
1573 2307 1835 2386 Demosthenes
1856 2325 1892 2387 et
1905 2313 2031 2391 Philo-¹

14 2402 123 2478 latest,
147 2419 218 2470 nec
229 2398 367 2473 mutari
381 2422 454 2470 una
470 2423 552 2470 curn
567 2394 644 2486 his,
666 2405 729 2498 qui
746 2403 785 2474 in
798 2404 980 2498 republica
1016 2411 1168 2484 marn,
1194 2400 1258 2495 qui
1278 2407 1818 2504 non-solumlegatiiu'erant,
1837 2419 2040 2495 sedetiam

14 2493 89 2564 relut
102 2499 309 2592 uansfugae
327 2513 532 2584 mutantur,
561 2505 625 2574 sed
650 2505 855 2579 facultatem
878 2528 983 2600 prae-
1017 2513 1179 2578 ,autom
1208 2505 1342 2576 decreti
1365 2509 1461 2582 illins
1487 2511 1532 2583 de
1560 2537 1650 2605 pace
1679 2518 1884 2608 facienda„
1918 2521 2044 2608 Forte,

14 2607 52 2664 set
72 2603 207 2692 populo
236 2604 492 2696 cognoscendi,
527 2605 697 2701 quicum
719 2622 824 2682 antea
846 2609 982 2682 fuerint
1033 2615 1120 2676 tunc
1134 2603 1320 2680 dissidium
1336 2623 1457 2683 ortum
1473 2627 1526 2686 est
1540 2614 1636 2688 inter
1650 2615 1899 2696 Philocratem
1911 2643 1946 2710 et
1957 2629 2038 2703 Da··
2151 2709 2157 2718 ,

14 2703 161 2790 mprobi,
179 2787 182 2796 Ι
198 2720 323 2799 postea
347 2703 459 2778 velint
482 2731 588 2779 snam
610 2711 716 2782 fidem
739 2714 875 2808 populo
897 2737 982 2806 pro-
1033 2705 1282 2797 rnosthenem,
1308 2715 1355 2784 ob
1374 2739 1436 2786 eas
1456 2739 1601 2804 causas,
1626 2747 1716 2816 quas
1738 2724 2043 2820 suspicabaminl.'¹

14 2803 78 2874 stri.
123 2807 196 2878 Hic
209 2805 300 2880 mihi
314 2809 425 2881 etiam
438 2818 756 2887 commemoranda
774 2830 826 2889 est
848 2818 981 2910 turpis·
1032 2809 1073 2881 ln
1095 2808 1164 2884 llic
1186 2815 1367 2888 dise-ordia
1390 2843 1472 2889 cunt
1498 2821 1564 2891 iste
1584 2822 1626 2892 ln
1648 2839 1748 2897 metu
1773 2843 1882 2918 esset,
1909 2847 1962 2922 et,
1988 2829 2039 2909 ul*

14 2901 78 2980 ina
103 2910 177 2984 eius
200 2913 408 2985 assentatio.
468 2913 564 2984 Nam
586 2913 867 3002 Demosthenes,
898 2941 980 2990 cum
1034 2926 1088 2986 est
1107 2939 1276 3007 perversa
1298 2933 1449 3006 natura,
1479 2921 1660 2996 invideret
1679 2925 1881 3004 Philocrati
1904 2935 2039 3030 prodi·¹

14 3017 69 3076 oto
89 3033 183 3085 anno
208 3016 248 3085 in
268 3028 396 3088 senatu
421 3015 565 3101 habaet,
590 3020 683 3090 nulli
697 3021 870 3113 legationi
884 3039 981 3094 sum-
1033 3017 1142 3090 tionis
1155 3019 1330 3112 praemia,
1355 3045 1492 3094 novum
1510 3028 1698 3101 consilinm
1716 3033 1809 3127 cepit
1817 3035 1863 3132 ⁶)
1897 3035 2030 3124 Emit:

14 3132 87 3180 uum
101 3115 328 3190 inconcione
351 3121 469 3190 locum
494 3122 676 3212 praebuit;
710 3128 771 3196 sed
797 3137 884 3194 tunc
906 3124 982 3218 pri·
1033 3121 1282 3208 maritarum,
1308 3125 1339 3196 si
1362 3141 1545 3200 accusaret
1565 3130 1755 3224 legationis
1770 3139 1906 3228 socios,
1932 3140 2042 3226 etssib'

14 3235 90 3284 uum
112 3221 304 3294 roboravit
324 3221 460 3314 legatos
475 3246 644 3316 supremo
659 3227 761 3313 loco,
786 3226 886 3298 dedit
899 3228 981 3320 pul·
1017 3219 1242 3317 ‘Philippum
1264 3225 1516 3317 inveheretur,
1541 3229 1784 3311 Philocratem
1804 3237 1904 3316 haud
1919 3243 2046 3330 duble‘

14 3314 108 3405 ines,
133 3317 168 3394 et
187 3325 388 3398 constravit
410 3349 470 3396 eos
490 3347 673 3422 purpura,
699 3345 736 3403 et
754 3353 862 3402 mane
884 3329 981 3424 lega·
1031 3327 1235 3420 periturum
1265 3355 1359 3418 esse,
1399 3345 1435 3410 et
1460 3335 1620 3431 reliquos
1639 3338 1679 3410 in
1702 3363 1835 3438 magno
1860 3349 2028 3440 periculo

14 3441 46 3489 us
58 3419 94 3490 in
108 3423 292 3500 theatrum
305 3429 427 3513 duxit,
451 3452 560 3523 quam
569 3433 839 3526 turpitudinem
853 3458 981 3528 nepo-
1031 3431 1197 3515 luturoai
1237 3459 1275 3506 se
1301 3459 1391 3506 “⁸²⁰
1423 3435 1463 3509 5¹1
1495 3463 1628 3532 mtgsst
1659 3446 1775 3536 gralia
1798 3449 1902 3536 tore,
1944 3447 2042 3526 cum‘

14 3521 89 3596 tulus
110 3533 259 3624 quidem
288 3531 390 3616 tulit,
430 3532 703 3607 sed'exibilavit
725 3559 807 3612 enm
830 3530 981 3631 propter
1032 3534 1185 3628 proditis
1206 3539 1330 3612 amicis
1352 3540 1470 3612 bonus
1494 3541 1582 3615 civis
1604 3553 1647 3612 et⁴
1661 3569 1787 3621 amans
1808 3553 1949 3642 patriae
1974 3555 2029 3640 vi,

14 3635 278 3706 ssentationem.
328 3635 376 3706 Et
392 3635 540 3729 quando
556 3634 980 3733 Thebas-prolectisunt,
1032 3639 1189 3708 deretrn.
1689 3737 1690 3745 ἵ
2020 3652 2040 3691 ·³

14 3731 154 3808 obduxit
170 3738 228 3810 eis
239 3736 311 3808 tria
327 3738 409 3830 iuga
426 3738 629 3826 mulorum,
656 3754 691 3810 et
711 3743 847 3834 legatos
869 3742 982 3812 comi-
1048 3782 1053 3796 ι
1137 3735 1286 3811 Etcum
1309 3740 1457 3834 quidam
1477 3767 1657 3828 novarum
1680 3759 1802 3846 rernm
1817 3755 1939 3850 cupidi
1952 3756 2041 3831 bel:-

14 3841 81 3905 atus
105 3854 158 3912 est
179 3860 315 3934 magno
340 3865 422 3915 cum
446 3841 621 3915 dedecore
644 3844 798 3916 civitatis
822 3857 979 3916 nostrae.
1031 3841 1110 3910 lum
1125 3837 1233 3914 tacite
1249 3843 1438 3918 molientes
1453 3841 1523 3916 hoe
1538 3847 1889 3945 auisuadverterent,
1911 3851 2028 3935 ilben-

14 3931 56 4008 'ed
74 3961 119 4010 ne
139 3943 284 4037 longius
306 3944 352 4013 ab
373 3943 536 4015 instituto
561 3947 761 4032 discedam,
786 3948 897 4019 recita
919 3947 981 4017 de·
1032 3957 1090 4014 ter
1105 3967 1187 4016 eum
1201 3947 1430 4018 arcessebant
1442 3949 1483 4019 in
1498 3966 1721 4044 suggestum,
1747 3972 1784 4028 et
1799 3956 1897 4056 hunc
1911 3977 2028 4040 nunni

14 4049 121 4113 retum
142 4049 187 4119 de
216 4045 343 4140 legatis
364 4045 404 4114 in
427 4068 633 4120 concessum
656 4050 803 4127 vocatis.
867 4049 981 4145 Atqui
1032 4049 1210 4120 vocabant
1225 4051 1476 4145 incorruptum
1493 4052 1626 4137 civems
1652 4071 1760 4154 atque
1776 4058 1835 4133 hic
1855 4069 2043 4159 prodiens·
2175 4137 2180 4152 ,

14 4137 131 4218 ictam
152 4151 270 4244 turpis
294 4149 482 4233 adulator,
507 4173 589 4222 cum
605 4156 743 4246 primus
765 4177 831 4248 per
855 4155 978 4246 erplo·
1031 4150 1117 4221 balli
1130 4175 1171 4222 ac
1186 4155 1360 4226 tumultus
1376 4158 1567 4228 materiam
1583 4158 1633 4230 eis
1646 4162 1825 4252 praebuit.
1868 4167 1937 4241 llic
1952 4173 2042 4265 pri-*²
2170 4192 2176 4201 ’

14 4253 123 4322 atores
139 4253 303 4325 rescimet
316 4249 478 4346 Philippi
494 4253 701 4342 interitum,
727 4259 830 4330 finxit
847 4257 887 4328 id
910 4257 979 4328 sibi
1031 4279 1112 4326 mus
1134 4257 1349 4350 excogitavit
1374 4255 1561 4331 Serrhium
1577 4284 1743 4351 murum,
1775 4266 1968 4345 Doriscum
1991 4289 2029 4348 ct

14 4357 247 4428 tttsomuium
261 4355 360 4428 Deos
375 4353 581 4443 nuntiasse,
606 4385 737 4454 magua
759 4359 977 4432 contumelia
1031 4357 1243 4452 Hergiscen,
1268 4359 1492 4455 Murgiscen,
1523 4363 1647 4438 Ganos
1675 4380 1711 4439 et
1734 4369 1876 4444 Ganida
1891 4375 1932 4475 ⁷)
1962 4401 2028 4472 op-

14 4445 276 4532 fficieuslovem
297 4472 405 4556 atque
420 4457 645 4549 Minervam,
671 4489 738 4560 per
758 4488 869 4562 quos,
895 4487 977 4534 cum
1030 4463 1138 4557 pida,
1164 4487 1322 4560 quorum
1346 4488 1393 4536 ne
1414 4465 1564 4538 nomina
1586 4469 1733 4565 quidem
1755 4487 1838 4546 ante
1860 4479 2026 4554 audiera-

14 4573 51 4626 us
73 4576 182 4634 noctu
205 4587 327 4635 seeum
347 4562 527 4656 colloqui,
569 4579 604 4635 et
624 4568 746 4640 fistuca
772 4567 978 4662 praedicere
1031 4591 1123 4640 mus.
1173 4568 1340 4640 Tandem
1355 4591 1399 4639 eo
1412 4593 1490 4641 rem
1506 4573 1674 4660 adduxit,
1700 4587 1761 4663 ut,
1787 4578 1819 4650 si
1833 4576 2026 4679 Philippus

14 4656 209 4752 dbrmabat,
239 4665 398 4737 interdiu
422 4666 625 4759 peierabat;
660 4686 795 4743 etcum
819 4683 903 4742 ante
924 4693 979 4741 se-
1030 4695 1106 4744 non
1147 4671 1307 4742 mitteret
1349 4673 1511 4765 legatos,
1550 4676 1735 4750 videretur
1769 4683 1896 4756 urbem
1939 4712 2027 4761 con·

14 4771 86 4836 stem
102 4771 178 4843 dies
193 4767 306 4840 filiam
323 4768 510 4856 amisisset,
524 4771 563 4842 in
577 4771 656 4866 ipso
669 4775 786 4848 luctus
800 4786 979 4866 tempure,
1019 4791 1211 4857 temnere3
1236 4775 1268 4848 si
1287 4773 1466 4862 mitteret,
1492 4772 1711 4852 haberentur
1730 4808 1801 4878 pro
1821 4789 2027 4883 explorato·

14 4857 197 4968 ltlusquam
218 4870 313 4944 iusta
335 4871 583 4964 persolvisset,
624 4889 817 4950 coronatus
831 4874 978 4972 prodiit
1029 4879 1149 4965 ribus,
1174 4901 1251 4949 nou
1274 4899 1344 4972 pro
1365 4877 1502 4972 legatis.
1552 4880 1593 4953 si
1614 4883 1721 4956 vellet
1739 4891 1949 4982 permittere
1968 4894 2025 4968 iu·

14 4991 72 5040 :um
90 4977 246 5048 candida
265 4986 383 5062 veste,
409 4988 445 5046 et
464 4977 697 5067 sacrificavit,
722 4992 759 5052 et
781 4978 909 5065 miser,
934 4979 977 5051 il·
1029 4983 1162 5057 dicium
1184 4971 1229 5054 de
1251 4981 1384 5054 nostris
1404 4983 1558 5080 querelis
1572 4985 1724 5062 arbitrio
1746 4993 1896 5068 alicuius
1909 4998 2023 5086 urbis,

14 5067 62 5144 lus
73 5101 196 5153 manes
210 5077 344 5150 iniuria
363 5078 500 5166 affecit,
530 5105 622 5177 quac
641 5107 722 5155 eum
748 5085 824 5156 sola
852 5095 889 5156 et
902 5084 978 5178 pri·

14 5195 51 5244 na
71 5196 209 5272 patrem
233 5179 489 5276 appellaverat.
536 5181 663 5282 Neque
686 5209 751 5280 ego
772 5187 808 5257 ei
823 5185 976 5259 infortu-

14 5274 90 5351 tium
106 5285 256 5372 obiicio,
280 5286 345 5356 sed
359 5306 479 5357 mores
500 5283 577 5357 eius
598 5302 635 5359 et
653 5288 836 5383 ingenium
859 5291 976 5364 consi·

14 5377 106 5455 lerari
119 5389 216 5465 volo.
268 5387 342 5484 Qui
357 5387 454 5462 enirn
468 5387 602 5466 liberos
615 5391 713 5478 odit,
736 5406 774 5466 et
788 5393 976 5488 improbus

1062 5255 1094 5324 s)
1112 5253 1198 5324 erist]
1216 5257 1265 5308 rc
1283 5256 1360 5309 ross.
1378 5257 1476 5322 aare
1522 5230 1526 5238 ’
2033 5316 2037 5329 .

1061 5355 1093 5424 7)
1098 5355 1241 5482 nemu
1259 5355 1300 5407 stc
1317 5354 1480 5421 scrtpdume
1499 5356 1556 5428 (ε
1575 5361 1688 5414 Asobtn.
1705 5357 1856 5432 rasere„
1873 5365 1924 5423 td.
1943 5367 2021 5434 tm.

1304 5490 1395 5570 67·
