4548 5788
155 90 318 236 ι’911
455 151 461 168 ’
822 141 1711 224 ΡΠΙῘιΜΒῘιΜΑΜῘΔθΒωΙῦᾸ.
1917 195 1924 208 -
1988 141 2082 208 ἰ’ἶ”
2159 148 2207 234 012

240 331 372 425 legati,
403 321 474 424 qni'
489 322 665 420 'perpetuo
686 323 732 393 ad
758 321 948 392 coneiliem
965 315 1241 415 Amphictyoni-
1292 319 1522 395 umbertum
1536 319 1739 412 perieulum
1750 314 2124 414 duritiatfflnm
2138 349 2212 420 m„

113 509 121 516 ,
187 457 199 470 ·
240 461 324 508 cum
339 431 553 514 mittuntur,
578 428 784 500 societatem
802 425 912 496 ollam
929 424 1161 496 consiliarum
1178 435 1241 494 aut
1292 445 1400 494 anns
1420 434 1475 492 ert
1496 423 1635 507 dicere,
1659 421 1759 518 qn'o'd
1773 414 1964 514 Pbffippus
1986 423 2213 502 idmnoruan

120 4671 163 4704 1.
244 4641 362 4736 Quem
379 4665 455 4713 non
476 4654 601 4714 movet
622 4641 850 4738 prodigium,
880 4643 979 4747 quod
1001 4644 1041 4714 in
1060 4643 1240 4737 mysteriis
1295 4696 1304 4713 .

243 537 427 610 actionum
442 539 506 604 ant
519 533 745 601 decretorum
763 553 845 599 cum
869 522 926 598 his
949 523 1145 612 habereut,
1177 525 1242 622 qui
1291 524 1377 597 isset
1394 525 1435 594 in
1450 525 1627 608 Atticam,
1652 525 1739 620 qnia
1764 525 1942 618 religione
1958 521 2138 618 prelr'bitnr
2151 547 2214 603 esra

242 639 294 712 ibi
319 637 513 710 convenire
537 633 810 706 constituerant.
867 629 1006 701 Videtis
1030 631 1126 700 clare
1158 651 1241 721 per-
1292 627 1374 722 Qua
1389 629 1535 698 tandem
1551 650 1670 722 poena
1686 627 1819 720 dignus
1841 650 1879 699 es
1901 627 2112 700 tuGraeciae
2128 635 2214 723 potiri

242 744 415 838 scriptum
443 761 537 822 esse,
569 761 616 808 ne
646 757 756 832 quam
789 730 1007 804 haberemus
1032 731 1242 805 societatem
1292 730 1387 803 Nam
1400 731 1437 802 si
1452 733 1572 802 victor
1593 729 1769 823 ηἰὶςίωε
1790 725 1995 824 prohibitus
2018 743 2083 814 est,
2108 757 2163 826 quo
2177 737 2216 804 ni

242 869 325 919 eum
342 843 425 913 illis.
1292 857 1361 906 uus
1392 833 1563 906 tranimt
1587 832 1684 903 intra
1717 857 1842 904 eorum
1872 833 1981 918 bes,
2018 857 2102 928 quos
2121 835 2218 922 riceru,

344 945 478 1016 Utrum
495 965 581 1012 vera
597 941 698 1024 dico,
724 961 773 1008 an
790 939 838 1008 ad
850 937 1073 1030 voluptatem
1092 934 1241 1006 andien-
1293 955 1406 1031 qnare
1428 949 1469 1007 tn
1492 938 1540 1008 ad
1560 934 1713 1006 amium
1725 935 1855 1008 Martis
1874 935 2066 1008 dianium
2084 939 2217 1010 eremus

243 1051 335 1122 mum
350 1049 477 1118 videor
492 1046 558 1116 ista
576 1039 735 1137 fingam?
756 1039 851 1112 Vera
867 1039 1027 1112 dictums
1041 1063 1140 1120 sum;
1153 1063 1241 1113 uam
1292 1063 1370 1109 non
1384 1039 1488 1110 litato
1501 1041 1655 1111 eduoere
1673 1061 1782 1111 ames
1800 1037 1864 1110 es?
1897 1037 2029 1114 Utrum
2048 1053 2219 1112 onomate

242 1155 347 1226 betae
377 1149 561 1226 orationes
587 1149 634 1217 ad
663 1143 806 1216 aurium
829 1143 1071 1236 voluptatem,
1104 1153 1241 1212 erecte·
1293 1155 1438 1236 oportet
1468 1155 1617 1236 propter
1645 1142 1746 1214 urbia
1776 1141 1915 1226 clades,
1949 1163 1998 1212 arr
2023 1143 2219 1214 munium?

161 1327 166 1336 ,
242 1267 331 1328 rant
347 1251 622 1346 rempublicam.
648 1305 652 1316 .
672 1248 757 1320 Non
781 1247 923 1318 sinebat
945 1269 1010 1322 ros
1025 1239 1241 1316 Demosthe-
1292 1245 1391 1339 Quid
1408 1244 1505 1316 enim
1525 1268 1674 1330 eorum,
1707 1267 1800 1340 quae
1823 1243 2030 1316 aeciderunt
2046 1257 2153 1316 nomo
2168 1259 2221 1314 tea·

242 1383 307 1430 nes
321 1357 528 1428 meminisse
542 1350 798 1434 iurisiurandi,
831 1349 930 1444 quod
951 1347 1110 1418 maiores
1131 1347 1241 1418 vestri
1291 1371 1402 1442 pore,
1433 1361 1498 1420 aut
1517 1347 1657 1442 spermi
1677 1360 1742 1418 aut
1765 1347 1918 1419 omnino
1938 1346 2076 1439 concipi
2096 1348 2128 1416 iu
2144 1349 2220 1416 arim

243 1463 442 1542 dedarcmt,
472 1479 550 1526 nou
571 1451 826 1536 execrationis,
860 1476 938 1526 nor
959 1449 1109 1522 oraculi.
1164 1450 1241 1522 Nos
1291 1449 1459 1544 poterat?
1506 1450 1591 1523 Nan
1621 1449 1718 1520 enirn
1749 1451 1935 1522 ommuni
1962 1445 2139 1521 homiuum
2161 1473 2223 1519 nor

243 1563 356 1657 igitur
368 1560 484 1633 eoacti
499 1555 563 1627 illu
578 1560 721 1628 decmto
743 1554 844 1626 domi
865 1554 1084 1638 mansimus,
1109 1551 1245 1648 reliqui
1292 1553 1467 1637 viximus,
1492 1555 1555 1624 sed
1568 1553 1642 1636 ita,
1665 1552 1779 1624 utrix
1800 1555 1909 1624 fldem
1930 1555 2028 1645 aperd
2045 1548 2223 1646 portensba

244 1691 331 1740 vero
353 1657 636 1758 Amphictyones
658 1671 907 1734 convenerunt
929 1659 975 1726 ad
995 1655 1121 1750 Pylasa
1161 1668 1241 1725 tan·
1291 1655 1412 1729 luitura
1434 1679 1494 1726 res
1514 1655 1573 1728 rit.
1623 1655 1755 1729 Nonne
1769 1655 1963 1728 Persarum
1987 1679 2068 1740 rex,
2093 1657 2147 1752 qni
2163 1677 2225 1724 noo

242 1783 322 1844 tum
343 1766 444 1840 urhis
468 1765 577 1841 unius
598 1761 708 1855 legati
730 1761 941 1846 abluerunt,
981 1759 1082 1832 cuius
1104 1781 1240 1830 nomen
1291 1771 1366 1830 tem
1379 1753 1478 1830 Atho
1495 1757 1642 1844 effodit,
1668 1758 1732 1854 qui
1746 1757 2021 1852 Hellespontum
2034 1757 2225 1852 ponteimr't,

242 1871 361 1949 dicere
381 1869 489 1953 nolo,
521 1879 557 1941 et
579 1889 727 1962 precor,
758 1889 804 1934 ne
829 1887 900 1960 qua
925 1862 1012 1934 urbs
1032 1861 1072 1932 in
1087 1861 1240 1964 Graecia
1293 1863 1357 1957 qni
1370 1873 1505 1934 lemur
1529 1875 1565 1932 et
1586 1885 1719 1956 aquam
1742 1885 1763 1932 a
1781 1861 1930 1934 Graecis
1947 1862 2125 1955 poposcit,
2149 1857 2227 1954 quiin

243 1964 432 2048 insimiles
447 1968 666 2041 calamitates
681 1966 827 2038 incidat.
877 1965 1044 2060 Denique
1058 1965 1240 2036 decretum
1293 1965 1452 2058 epistolis
1466 1988 1574 2039 ausus
1590 1978 1694 2037 estse
1710 1965 1900 2036 dominnm
1913 1959 2227 2044 murrinmbominuu,

242 2079 378 2149 lactum
397 2085 450 2148 est
465 2071 619 2145 debello
640 2069 867 2162 suscipiendo
891 2071 1060 2149 adversus
1073 2061 1241 2160 Amphis·
1294 2067 1339 2140 ab
1355 2080 1439 2139 ortu
1456 2069 1501 2138 ad
1518 2091 1683 2140 oceamm
1707 2091 1822 2164 usque
1844 2089 1998 2152 vocare,
2031 2089 2122 2140 namo
2138 2063 2228 2135 nouis

244 2203 377 2255 sauses.
434 2173 518 2246 Dux
551 2174 693 2268 eligitur
720 2165 943 2269 Cottyphus,
976 2169 1040 2268 qui
1061 2193 1240 2244 summam
1292 2170 1671 2264 saoreqno'dirnioat,
1695 2172 1758 2241 ssd
1774 2169 1986 2244 desuevita
2010 2185 2047 2242 et
2064 2171 2173 2242 salute.
2203 2163 2229 2234 lt

244 2283 284 2357 in
297 2279 447 2354 consilio
470 2276 702 2350 autoritatem
721 2272 890 2348 habebat.
941 2274 1037 2346 Nam
1051 2269 1242 2367 Philippus
1292 2273 1458 2346 videmus
1473 2287 1611 2344 tanum
1626 2273 1779 2365 gloriam
1795 2287 1831 2344 et
1845 2269 1943 2350 hune
1959 2265 2230 2366 principatunba

244 2411 323 2462 non
340 2397 419 2454 erat
434 2381 472 2458 in
487 2371 723 2462 Macedonia,
743 2403 809 2450 nec
826 2378 864 2448 in
881 2377 1056 2463 Graecia,
1077 2377 1140 2448 sed
1157 2400 1242 2471 pro·
1293 2378 1443 2469 adeptos
1460 2401 1554 2460 esse,
1583 2376 1647 2472 qui
1663 2377 1838 2469 tmnqurrm
1857 2377 1896 2446 in
1909 2373 2063 2470 Delphis
2082 2393 2231 2468 propagat
2249 2405 2250 2428 ³

244 2490 302 2572 cul
318 2489 357 2558 in
373 2481 518 2582 Scythia
535 2483 680 2568 aberat,
704 2505 812 2578 quem
833 2493 955 2551 tamen
982 2481 1128 2550 audebit
1145 2502 1242 2550 nuuc
1293 2492 1437 2552 verunt.
1487 2475 1635 2556 Thebae
1651 2479 1971 2552 verourbsvieina
1995 2503 2070 2552 uuo
2089 2479 2142 2548 die
2157 2465 2250 2554 fuid

243 2583 506 2667 Demosthenes
519 2586 638 2658 dicere
654 2610 673 2654 a
690 2584 800 2654 mein
816 2582 1005 2654 Graeciam
1020 2594 1241 2677 pertractum
1294 2594 1352 2656 tus
1367 2605 1511 2668 aversa,
1536 2595 1572 2654 et
1584 2606 1605 2652 e
1619 2581 1772 2654 Graecia
1788 2583 1929 2654 sublata
1954 2596 2027 2664 est;
2053 2605 2116 2653 nec
2136 2576 2233 2650 iniuria·

203 2773 206 2781 ⁴
245 2717 333 2766 esse.
405 2679 408 2684 ¹
1084 2753 1088 2758 .
1293 2682 1378 2756 ldeo
1394 2685 1493 2756 enim
1506 2685 1867 2780 retinereimperium
1885 2709 1961 2759 nou
1977 2679 2233 2780 poauuurtqui

347 2791 395 2864 Et
421 2791 460 2860 in
489 2789 606 2882 prima
636 2787 862 2882 expeditione
892 2811 1023 2882 magna
1054 2785 1242 2860 clementia
1294 2789 1467 2862 divinitus
1482 2790 1521 2860 iu
1534 2789 1713 2882 podorem
1726 2787 1797 2860 auti
1814 2811 1951 2882 poenes
1968 2789 2124 2860 molatae
2140 2783 2235 2874 rdine

244 2901 327 2989 erga
343 2889 618 2988 Amphissenses
632 2893 688 2963 usi
704 2883 808 2972 sunt3
834 2911 921 2960 narn
936 2912 1007 2986 pro
1024 2890 1242 2984 gravissimis
1293 2892 1350 2964 nis
1363 2893 1552 2964 dedermrt.
1602 2890 1881 2963 maumonii
1898 2914 1988 2966 vero
2003 2890 2124 2964 miseri
2135 2897 2235 2982 proptu

243 3000 381 3073 delictis
394 2997 659 3070 mulctaveruut
675 3019 736 3070 eos
750 2993 916 3089 mannia,
933 3007 969 3065 et
984 2995 1131 3090 quidem
1146 2995 1242 3064 diem
1295 2996 1546 3089 contagionem
1566 2993 1743 3087 sacrilegii
1760 2991 1947 3090 Delplrid,
1970 3019 2057 3068 cnm
2078 2993 2156 3066 olim
2167 2989 2237 3061 Grae

244 3103 423 3176 dederont
447 3101 493 3170 ad
515 3099 724 3171 solvendam
744 3099 938 3183 mulctam,
965 3111 1001 3169 et
1022 3099 1243 3170 conmalera·
1295 3100 1370 3170 riae
1401 3099 1650 3192 principatum·
1667 3095 1882 3184 habuerint,
1921 3121 2025 3172 nnnc
2046 3097 2173 3170 obsides
2189 3091 2236 3162 uit

244 3215 303 3277 tos
317 3216 533 3296 autoresque
549 3201 725 3294 sacrilegii
750 3198 895 3271 civitate
919 3201 1148 3295 expulerunta
1180 3225 1242 3273 eos
1293 3213 1397 3289 tunt,
1423 3213 1459 3274 et
1476 3214 1518 3273 ut
1540 3203 1721 3295 specimen
1741 3225 1889 3274 suarum
1911 3203 2152 3274 calamitatum
2163 3209 2237 3270 oslm

245 3320 387 3389 autem,
414 3305 477 3400 qui
491 3305 661 3395 fugerunt
674 3316 824 3396 propter
839 3303 1072 3401 religionem,
1098 3306 1242 3375 exurbe
1294 3308 1401 3390 dant,
1424 3306 1561 3398 legatos
1582 3307 1629 3374 ad
1642 3305 1889 3378 Alexandrum
1911 3305 2061 3380 missuri
2082 3315 2173 3387 suut,
2189 3321 2237 3392 pat

245 3404 439 3504 Amphissa
471 3408 705 3478 reduxerunt.
772 3405 972 3501 Postquam
1008 3419 1127 3478 autem
1165 3429 1241 3477 non
1293 3409 1390 3492 auri,
1422 3408 1595 3504 quicquid
1610 3407 1740 3479 victori
1761 3409 1956 3502 placuerit,
1990 3423 2030 3480 et
2051 3431 2118 3501 pro
2141 3399 2238 3474 ndum

243 3513 431 3586 solverunt
446 3510 638 3594 mulctam,
672 3521 708 3579 et
728 3509 948 3580 reduxerunt
970 3509 1241 3596 consceleratos,
1294 3509 1503 3596 elementia,
1537 3535 1647 3606 quem
1667 3512 1738 3604 ipsi
1760 3511 1867 3584 initio
1888 3513 2028 3584 iniusto
2050 3511 2141 3582 bello
2155 3525 2239 3603 prou

244 3629 280 3688 et
301 3615 517 3708 expulerunt
539 3635 620 3694 eos,
651 3612 714 3707 qui
734 3607 1060 3708 Amphictyonibus
1085 3613 1242 3685 restituti
1294 3627 1486 3700 caverunt,
1527 3615 1627 3708 leges
1662 3615 1850 3709 accipient.
1914 3615 2050 3689 Nostra
2080 3639 2159 3686 reru
2180 3609 2239 3682 urla

244 3731 367 3802 erant,
407 3718 538 3786 iterum
567 3727 649 3807 post
680 3716 828 3808 longum
858 3729 1019 3809 tempus,
1059 3741 1140 3788 cum
1166 3714 1239 3786 iam
1294 3741 1388 3814 qnae
1417 3741 1611 3789 commune
1643 3717 1845 3811 perlugium
1870 3717 2097 3792 Graecorum
2115 3707 2238 3796 utcu

242 3817 433 3914 Philippus
449 3841 492 3887 ex
507 3813 651 3910 Scythia
665 3819 850 3902 rediisset,
872 3840 974 3888 arma
992 3831 1135 3913 sumpta
1155 3833 1242 3892 sont
1294 3845 1405 3916 quarn
1419 3835 1524 3894 antea
1547 3845 1593 3892 ex
1616 3822 1717 3891 omni
1734 3822 1886 3894 Graecia
1909 3819 2020 3914 legati
2044 3819 2238 3892 mittebantur,

244 3926 416 3993 adversus
444 3915 728 4013 Amphissenses.
785 3921 854 3991 llic
884 3945 964 3992 cum
996 3923 1239 4016 principatum
1293 3926 1333 3996 in
1363 3948 1473 4022 quam
1502 3947 1603 4016 spem
1631 3925 1755 3998 salutis
1785 3913 1882 3996 strae
1905 3946 2035 3998 omnes
2054 3921 2238 3996 collocabant

242 4025 297 4120 pii
308 4025 393 4096 belli
410 4023 590 4094 Diinobis
614 4021 806 4108 offerrent,
840 4021 1093 4098 Demosthenis
1117 4049 1241 4098 corru-
1292 4051 1390 4100 nunc
1414 4051 1491 4098 non
1507 4029 1554 4098 de
1576 4027 1750 4112 Graeciae
1778 4027 1985 4122 principatu
2017 4017 2238 4107 emmanu

242 4130 363 4223 ptelae
392 4126 498 4197 nobis
520 4125 781 4222 impedimento
803 4127 966 4209 luerunt3
1000 4141 1037 4198 at
1056 4127 1118 4197 Dii
1137 4153 1241 4223 prae-
1293 4133 1337 4202 de
1351 4131 1472 4225 patrio
1485 4130 1576 4203 solo.

242 4233 430 4316 dixerant,
455 4241 491 4299 et
506 4229 618 4321 signis
631 4241 867 4315 monuerant,
891 4242 1034 4302 tantum
1047 4254 1122 4302 non
1143 4233 1239 4302 clara

241 4357 332 4406 voce
348 4331 479 4418 locuti,
502 4345 544 4403 ut
560 4355 779 4406 caveremus.

346 4437 493 4510 Nullam
525 4433 603 4505 vidi
632 4437 780 4521 urbem,
820 4459 932 4530 quam
962 4459 1043 4506 cum
1076 4430 1240 4512 rhetores

243 4551 403 4610 evertere
418 4539 623 4625 studerent,
648 4539 798 4632 perinde
813 4537 876 4610 Dii
892 4540 1072 4610 servatam
1095 4539 1240 4616 vellent.

1394 4282 1514 4380 Atque
1528 4278 1617 4353 haec
1632 4270 1837 4353 acciderunt
1852 4281 1935 4354 inde
1951 4307 2067 4381 usque
2084 4283 2173 4352 abeo
2187 4289 2239 4346 teu

1292 4411 1401 4481 pore,
1435 4411 1479 4458 ex
1502 4411 1574 4481 quo
1597 4379 1858 4458 Demosthenes
1881 4387 1926 4456 ad
1946 4387 2191 4481 rempublicam
2208 4401 2239 4446 at·

1293 4491 1409 4562 cessit.
1468 4489 1579 4560 Recte
1611 4487 1708 4559 enim
1735 4489 1779 4564 de
1815 4488 1945 4560 talibus
1970 4489 2144 4566 Hesiodus
2172 4491 2238 4578 posu

1292 4593 1454 4686 scripsit,
1486 4605 1528 4664 ut
1549 4593 1762 4664 admoneret
1783 4591 1938 4688 populos
1961 4618 2004 4664 ac
2028 4593 2191 4672 civitates,
2212 4605 2236 4650 ut

1292 4697 1479 4790 rmprobos
1514 4707 1677 4768 oratores
1697 4695 1910 4789 reciperent.
1968 4694 2139 4767 Recitabo
2160 4703 2238 4763 auten

1291 4824 1426 4874 versus.
1465 4797 1549 4870 Ideo
1567 4799 1664 4870 enim
1681 4797 1785 4892 pueri
1801 4797 1990 4872 ediscimus
2004 4811 2237 4898 poetarumseu·

1291 4903 1442 4988 centias,
1481 4913 1522 4972 ut
1541 4901 1613 4972 viri
1635 4901 1720 4971 iacti
1741 4913 1887 4973 utamur
1908 4903 1993 4998 ipsis
2015 4903 2056 4973 in
2075 4915 2237 4996 magnarum

1290 5031 1412 5078 rerum
1432 5004 1762 5077 deliberationibus.

245 4742 393 4828 accidit,
431 4743 598 4820 interitus
620 4745 873 4818 sacerdotum?
913 4767 1036 4817 nonne
1061 4745 1241 4838 praedixit

242 4858 364 4931 vates,
379 4858 421 4916 ut
434 4869 657 4935 caveremus,
672 4863 708 4920 et
724 4849 910 4924 oraculum
926 4839 1143 4943 Delphicum
1155 4872 1240 4920 con·

242 4951 461 5034 subaremus,
493 4947 581 5044 quid
600 4955 779 5042 agendum
806 4951 921 5026 esset?
954 4954 1005 5026 At
1026 4948 1240 5023 Demosthe·

242 5063 307 5127 nes
329 5051 487 5136 obstitit,
520 5051 642 5123 dieem
663 5048 832 5148 Pythiam
854 5051 1026 5152 Philippo
1052 5055 1239 5141 assentari,

242 5153 354 5228 homo
383 5157 521 5240 audax,
562 5167 599 5224 et
623 5153 815 5228 immodice
845 5171 949 5232 utens
984 5159 1050 5230 ista
1081 5158 1239 5244 licentia,
1344 5161 1969 5251 ununotestpnroepurtrurttr
1992 5163 2123 5249 intem
2139 5169 2236 5246 ptem

242 5283 352 5354 quam
369 5259 402 5336 ei
425 5257 629 5333 conceditis.
682 5259 812 5336 Nonne
835 5274 1018 5360 postremo
1042 5261 1235 5336 exercitum
1340 5267 1515 5338 Iustitiam
1529 5265 1845 5358 spretiaoiolat'que'
1857 5265 2004 5354 lepidus,
2026 5265 2104 5333 iada

243 5361 413 5432 adversus
431 5357 552 5434 hostes
573 5385 690 5457 neque
713 5364 897 5457 auspicato
921 5386 1038 5460 neque
1060 5363 1168 5438 litato
1192 5367 1238 5435 ad
1340 5367 1554 5456 empturos·
1567 5367 1818 5442 onasum
1832 5369 1984 5454 leniter
1999 5367 2082 5438 arbe
