4548 5788
217 133 323 238 'aar
500 232 506 242 ,
828 163 952 241 run.
985 143 1098 244 Mun.
1131 169 1335 244 scotera
1367 103 1707 248 rmooooctcu
2170 195 2216 272 su

246 337 361 408 nium.
412 333 487 408 Nec
502 331 572 406 hoc
587 338 718 408 scelere
736 350 924 412 contentus
938 341 1027 426 duit,
1053 343 1115 414 sed
1133 342 1241 414 etiam
1293 369 1333 416 re
1366 343 1513 436 longam
1547 345 1706 418 fabulam
1739 363 1889 436 narrat,
1937 366 1976 422 ut
2008 355 2162 428 veritatem
2184 365 2221 434 ds

245 452 372 534 postea
405 439 495 508 clam
524 439 570 510 ad
601 441 864 535 exploratorem
894 439 1057 538 Philippi
1086 447 1242 532 accessit,
1293 459 1432 540 pravet.

245 543 310 614 ubi
325 538 566 636 deprehensus
583 559 647 618 est.
697 542 771 640 Qui
787 567 874 618 vero
896 547 992 622 solus
1014 573 1094 621 cum
1121 549 1241 643 explo·
1394 549 1464 622 Sed
1480 549 1586 646 longe
1602 549 1707 623 aliter
1719 577 1757 624 se
1771 578 1828 625 res
1845 549 1970 642 habet,
1995 583 2094 652 quam
2108 560 2158 632 iste
2170 589 2221 636 nar-

206 645 211 657 ¹
245 659 368 716 ratore
389 647 627 742 colloquitur,
652 643 711 720 hic
734 651 889 743 perfidus
912 665 946 724 et
965 653 1104 746 patriae
1128 649 1241 726 hostis
1292 664 1368 736 rat,
1400 676 1467 722 nec
1490 654 1585 727 elues
1608 649 1703 724 hauc
1723 666 1863 727 tantam
1886 660 2078 745 maculam,
2109 670 2222 758 quamvis

246 761 310 820 est.
349 748 468 844 Atque
484 748 572 822 haec
588 776 608 821 a
625 776 682 822 me
696 777 781 824 vere
798 753 870 824 dici
885 769 926 827 ut
940 769 1125 850 appareat,
1151 781 1238 828 voca
1292 754 1406 824 multa
1427 755 1534 828 dices.
1598 755 1666 827 llic
1695 757 1807 850 igitur
1827 757 1924 832 Deos
1945 765 2115 854 praesides
2130 767 2222 840 Attius

244 848 334 924 mihi
349 846 481 925 horum
502 867 620 926 testes.
747 903 750 910 -
1292 856 1441 942 invoco,
1473 872 1536 943 ut,
1567 858 1599 930 si
1624 883 1712 930 vera
1736 859 1836 946 dico,
1870 874 1908 933 et
1931 877 2015 935 tunc
2035 868 2156 959 publice
2172 873 2225 956 diri,

913 1023 915 1026 .
1292 960 1438 1054 quando
1460 955 1556 1032 hunc
1579 963 1791 1033 sceleratum
1811 960 1882 1035 hoc
1902 968 2083 1060 negotium
2103 971 2225 1066 attingere

616 1037 652 1106 T
671 1059 690 1104 θ
716 1061 734 1107 ⁸
760 1045 776 1108 l
800 1060 820 1106 θ
842 1062 871 1108 ⁸·
1291 1061 1386 1148 vidi,
1412 1089 1492 1135 cnm
1509 1063 1654 1159 quidem
1669 1065 1790 1136 statim
1811 1067 2067 1162 intelligerem,
2095 1073 2164 1167 quid
2181 1101 2227 1147 mn

346 1172 535 1244 cedemus
549 1171 681 1244 chunia
692 1169 799 1260 filim,
826 1177 1016 1265 Hyperide,
1033 1175 1240 1248 cunamen·
1291 1164 1439 1250 liretur,
1478 1179 1520 1238 ut
1541 1163 1633 1237 mihi
1655 1192 1762 1261 opem
1783 1171 1922 1256 derant,
1963 1199 2088 1270 meque
2109 1178 2227 1250 adversos

235 1271 353 1364 fidius,
396 1273 621 1344 Nicomachus
641 1275 833 1365 Diophanes·
856 1275 971 1365 fidius,
1013 1275 1239 1366 testificantur
1290 1262 1388 1338 hunc
1409 1269 1708 1341 calumniatorem
1738 1284 1919 1344 tueantur.
1984 1277 2047 1348 Sin
2077 1291 2174 1349 autem
2194 1283 2228 1351 rel

240 1377 461 1449 Demostheni
483 1379 704 1447 iureiurando
725 1382 839 1450 adorti
861 1405 884 1450 a
907 1378 1065 1465 drutus,
1094 1385 1183 1452 seire
1202 1403 1239 1450 nc
1291 1371 1376 1442 odio
1392 1371 1449 1441 vel
1462 1372 1657 1465 cupiditate
1673 1376 1914 1447 contentionis
1928 1377 2058 1451 salsum
2071 1381 2227 1452 crinenad

240 1481 442 1552 Aeschinem
471 1483 641 1550 Atrometi
667 1477 781 1567 fidium
811 1483 1017 1555 Oudoeldem
1047 1488 1239 1555 convenius
1290 1497 1413 1546 versus
1430 1499 1512 1546 eum
1530 1475 1806 1563 comminiscor,
1832 1491 1873 1549 ut
1898 1503 1957 1550 me
1982 1483 2138 1554 deserant
2155 1487 2228 1554 omni

240 1592 339 1652 „odo
355 1585 395 1652 in
409 1583 508 1654 aedes
524 1583 730 1667 firmuis,
756 1594 791 1656 et
811 1586 954 1657 camilia
978 1591 1239 1657 communicans
1289 1576 1356 1648 bus
1379 1585 1524 1648 exutu'm
1548 1580 1783 1652 ornamentis.
1843 1581 1919 1653 Cur
1938 1583 2050 1677 igitur
2072 1597 2137 1658 tam
2158 1591 2229 1658 atrnd

237 1707 314 1756 cum
327 1689 517 1769 Ananiae,
542 1689 601 1780 qui
614 1688 785 1757 iudicatus
793 1687 864 1779 ficit
881 1691 1006 1761 missus
1024 1712 1095 1760 esse
1116 1691 1238 1780 erpin-
1289 1679 1551 1773 imprecatione
1586 1707 1671 1754 usus
1704 1680 1810 1754 sum?
1852 1707 1917 1754 cur
1946 1699 2023 1758 tam
2054 1685 2227 1760 vehementer

237 1795 336 1858 rotor
351 1812 374 1858 o
387 1787 556 1878 Pesteppo.
606 1791 905 1862 Haeetestdmoaia
918 1793 1029 1864 relato
1042 1803 1237 1882 snatproe-
1288 1781 1481 1854 assevero?
1531 1785 1616 1880 qoia
1647 1799 1684 1856 et
1711 1785 1852 1856 litterae
1884 1787 1925 1858 in
1952 1791 2104 1882 publicis
2141 1817 2227 1862 moun

236 1899 311 1964 dore
325 1894 431 1964 noua
446 1891 738 1963 eudaemones.
868 1932 874 1945 κ
1288 1885 1420 1957 mentis
1435 1885 1580 1972 omnia,
1606 1911 1699 1984 quae
1714 1888 1852 1975 diram,
1877 1893 2104 1967 confirmant.
2137 1895 2230 1964 Deinde

339 1991 480 2064 Omitto
514 1991 585 2061 alia
616 1993 751 2077 multa,
797 2017 889 2089 qnae
925 1993 1076 2066 recitare
1101 1990 1237 2066 horum
1287 2012 1334 2059 ne
1350 1988 1433 2060 ideo
1449 1989 1576 2060 videar
1591 1990 1815 2062 incredibilia
1836 1992 1975 2081 dicere,
2006 1996 2090 2092 quia
2109 2009 2232 2068 nonno

236 2093 368 2170 similia
384 2118 537 2189 possem.
579 2093 638 2182 Sic
653 2096 751 2166 enim
766 2095 844 2168 lieri
858 2097 961 2171 solet.
1008 2097 1121 2191 Saepe
1139 2121 1236 2166 com·
1288 2104 1366 2163 tum
1388 2093 1593 2164 autoritatis
1618 2094 1657 2164 in
1679 2094 1749 2166 isto
1773 2119 1848 2168 esse
1871 2095 2037 2185 videtur,
2076 2112 2115 2172 ut
2139 2115 2231 2171 unum

235 2199 379 2295 peristis
395 2223 477 2269 eum
493 2221 576 2269 cum
591 2193 755 2270 hostibus
771 2199 973 2286 colludere,
1005 2213 1041 2271 et
1061 2225 1120 2272 me
1142 2199 1236 2272 iniu·
1287 2195 1425 2266 malum
1446 2196 1601 2266 excitare
1623 2196 1802 2290 potuerit,
1836 2202 1934 2294 quod
1960 2213 1998 2270 et
2022 2215 2124 2272 antea
2142 2202 2234 2284 accidit

235 2303 291 2374 ria
311 2303 473 2386 addicere,
502 2303 565 2372 sed
586 2301 781 2374 multitudo
806 2328 872 2374 nec
895 2303 1099 2375 meminisse
1121 2316 1236 2389 curat,
1288 2322 1369 2368 cum
1387 2299 1517 2371 falsum
1532 2301 1704 2372 nuntians
1717 2323 1822 2370 causa
1837 2301 1906 2373 fuit
1920 2303 2022 2374 exitii
2036 2301 2233 2377 Phocensiun.

235 2431 303 2479 nec
317 2418 510 2499 propterea
525 2403 620 2476 serio
635 2407 877 2491 excandescit,
910 2433 951 2478 ac
973 2431 1125 2501 pravam
1150 2429 1235 2476 con·
1286 2400 1382 2474 Nam
1409 2413 1451 2474 ut
1479 2401 1612 2474 bellum
1634 2399 1890 2497 Amphissense
1918 2420 2141 2494 moveretur,
2173 2409 2233 2478 edu

137 2521 146 2534 “
234 2509 463 2584 suetudinem
478 2505 517 2576 in
532 2508 792 2602 rempublicam
814 2506 1003 2597 invehitis,
1036 2535 1117 2583 cum
1140 2508 1236 2582 salu·
1288 2503 1475 2576 occasione
1499 2500 1689 2598 Phidippus
1710 2505 1874 2578 Elateam
1903 2513 2112 2604 occupavit,
2147 2523 2174 2580 et
2193 2513 2235 2579 du

236 2611 330 2684 taria
346 2613 537 2684 suadentes
551 2609 741 2684 calumniis
755 2614 949 2699 deterreri,
977 2626 1014 2683 et
1027 2614 1152 2686 fraude
1167 2613 1235 2682 im·
1287 2621 1427 2680 creatus
1441 2620 1494 2680 est
1508 2603 1837 2703 Amphictyonum,
1869 2635 1942 2706 quo
1964 2613 2006 2682 in
2026 2614 2119 2685 bello
2133 2613 2235 2685 Graan

234 2713 374 2814 pediti,
407 2737 449 2784 ac
468 2711 695 2808 supplantari
717 2715 930 2800 conceditis,
949 2715 1048 2812 quia
1071 2718 1236 2809 volupta·
1286 2709 1458 2782 servitute
1476 2733 1646 2806 oppressa
1664 2724 1732 2784 est:
1758 2708 1817 2784 hic
1831 2737 1926 2786 unns
1940 2715 1999 2786 vir
2023 2729 2126 2788 autor
2145 2728 2186 2787 est
2198 2711 2236 2784 ln

234 2831 331 2903 tem,
361 2841 471 2914 quam
487 2815 614 2910 capitis
630 2841 672 2888 ex
688 2817 878 2903 conviciis,
911 2819 1094 2892 antefertis
1117 2817 1235 2915 publi-
1285 2839 1368 2886 rum
1386 2815 1552 2887 omnium
1569 2815 1768 2896 malornm
1796 2841 1950 2913 cumque
1966 2831 2057 2890 tunc
2071 2821 2236 2890 vociferarer

234 2948 296 2994 cae
313 2921 433 2994 saluti.
482 2915 638 2993 Facilius
659 2935 712 2994 est
733 2935 769 2992 et
790 2921 900 2994 tutius
924 2921 1105 2994 inflectere
1128 2947 1166 2994 se
1188 2923 1236 2992 ad
1286 2915 1326 2986 in
1343 2917 1537 3003 concione,
1559 2917 1695 2990 bellum
1711 2919 1914 2990 inAtticam
1932 2917 2237 2999 attrahesheschinc,

233 3021 377 3110 hostes,
411 3036 446 3094 et
468 3025 649 3096 mercedes
672 3026 717 3096 ab
745 3025 795 3097 eis
821 3025 1003 3121 accipere,
1038 3051 1149 3122 quam
1171 3049 1235 3120 pa·
1287 3019 1350 3090 alii
1369 3021 1559 3093 subornati
1577 3045 1636 3090 mc
1659 3019 1778 3093 dicere
1797 3021 2067 3116 impediebant,
2098 3027 2153 3095 alii
2170 3024 2237 3092 mira

234 3127 344 3199 triam
362 3125 457 3198 veris
473 3138 508 3198 et
528 3125 675 3199 utilibus
697 3127 854 3201 consiliis
876 3129 967 3199 velle
990 3153 1235 3222 propugnare.
1285 3124 1438 3210 bantur,
1464 3137 1500 3195 et
1516 3123 1659 3218 privato
1675 3125 1761 3196 odio
1774 3124 1907 3198 falsum
1922 3127 2066 3200 crimen
2086 3153 2142 3198 me
2160 3127 2187 3198 ei
2202 3123 2237 3194 nh

193 3247 195 3250 ’
234 3231 346 3324 Quod
369 3240 490 3298 autem
515 3239 599 3298 ante
616 3229 750 3300 bellum
767 3232 853 3301 iacit
867 3231 1017 3312 Macedo
1031 3229 1235 3325 Philippus,
1285 3226 1392 3298 iicere
1413 3228 1677 3299 existimabant.
1743 3229 1847 3322 Quae
1875 3231 1986 3301 suerit
2012 3243 2131 3303 autem
2151 3227 2237 3301 horon

236 3355 458 3430 quamquam
474 3354 530 3402 res
546 3341 650 3401 atrox
670 3344 740 3418 est,
772 3333 985 3426 praesertim
1007 3347 1234 3405 cumcontra
1285 3329 1515 3424 negotiorum
1528 3343 1680 3414 natura,
1707 3343 1742 3400 et
1763 3336 1947 3427 quomodo
1973 3329 2067 3406 haec
2089 3329 2238 3405 ommain

233 3435 390 3531 patriam
405 3435 523 3506 lacere
541 3431 742 3521 videretur,
768 3449 890 3508 tamen
907 3432 992 3508 huic
1011 3432 1083 3507 hoc
1104 3437 1235 3530 largia-
1285 3445 1420 3506 structa
1436 3432 1591 3519 fuerint,
1616 3457 1714 3505 none
1733 3434 1876 3520 audite,
1908 3437 1997 3531 quia
2016 3450 2105 3509 tunc
2124 3428 2239 3528 impedit¹

234 3564 330 3612 mur.
382 3537 452 3608 Sed
465 3551 657 3634 postquam
673 3563 785 3611 naves
800 3552 947 3612 nostrae
971 3553 1116 3634 ereptae
1138 3553 1235 3626 sunt,
1286 3538 1381 3610 estis.
1431 3535 1609 3608 Videbitis
1622 3536 1718 3606 enim
1737 3537 1830 3608 mira
1851 3550 1929 3608 arte
1951 3551 2034 3611 acta
2055 3565 2128 3613 esse
2148 3535 2238 3614 omnin.

233 3641 471 3737 populatione
493 3653 632 3712 vastata
658 3638 920 3728 Chersonesus,
958 3657 994 3714 et
1015 3658 1113 3715 recta
1136 3656 1235 3736 pete-
1286 3655 1322 3713 et
1339 3640 1503 3735 proderit
1523 3635 1613 3710 haec
1636 3663 1741 3711 nosse
1766 3643 1812 3710 ad
1836 3640 2061 3734 reipublicae
2085 3641 2237 3714 considera

233 3747 343 3817 batur
363 3744 503 3829 Attica,
535 3768 603 3815 nec
626 3745 834 3838 ambiguum
857 3761 954 3834 erat,
984 3746 1075 3843 quin
1097 3747 1234 3820 bellum
1286 3745 1442 3831 tionem,
1469 3755 1505 3814 et
1520 3745 1566 3813 ad
1582 3742 1813 3813 calliditatem
1828 3738 1987 3816 hostium
2005 3745 2238 3839 intelligendam

235 3844 340 3920 nobis
354 3846 519 3920 illaturus
540 3861 631 3919 essen
648 3847 822 3933 Macedo,
846 3874 923 3920 non
945 3863 1065 3943 potest
1085 3849 1151 3923 iste
1175 3874 1235 3921 ve·
1388 3847 1463 3920 Nec
1483 3844 1593 3916 ‘linire
1614 3845 1772 3930 bellum,
1803 3869 1870 3916 nec
1893 3871 1960 3920 vos
1982 3851 2172 3944 reprimere
2187 3839 2237 3914 Phi

234 3963 373 4025 teratur
398 3963 433 4021 et
451 3945 580 4024 histrio
604 3950 744 4035 dicere,
784 3953 872 4046 quid
893 3978 961 4046 pro
983 3953 1087 4023 vobis
1110 3952 1234 4045 egerit,
1285 3951 1405 4044 lippus
1418 3961 1579 4044 poterat,
1602 3947 1672 4020 nisi
1686 3943 1878 4020 Thessalos
1896 3947 2140 4024 et'l'hebanos
2156 3959 2238 4020 conon

235 4069 299 4129 aut
312 4057 412 4151 quod
430 4055 611 4126 decretum
629 4053 830 4148 scripserit,
858 4067 922 4126 aut
943 4055 975 4126 si
998 4056 1097 4150 quod
1113 4045 1234 4140 habel,
1284 4079 1351 4126 vos
1366 4054 1436 4126 sibi
1453 4051 1683 4124 adiunxisset.
1745 4052 1815 4124 Sed
1837 4075 2065 4150 quamquam
2086 4051 2187 4125 nostri
2202 4049 2238 4117 do

233 4161 397 4256 proderat
411 4182 544 4242 unum,
569 4157 626 4228 vel
644 4157 762 4251 spatio
778 4153 870 4227 mihi
883 4159 927 4227 ad
943 4157 1134 4228 dicendum
1150 4183 1235 4228 con·
1287 4182 1343 4229 ces
1356 4149 1450 4228 mal'e
1463 4155 1693 4251 pugnabant,
1715 4167 1839 4225 tamen
1854 4170 2007 4250 propter
2022 4159 2138 4252 ipsum
2148 4154 2237 4225 bellun

235 4287 355 4350 cesso,
381 4263 443 4334 sed
457 4261 596 4332 nullum
614 4285 689 4332 esse
709 4271 845 4332 certum
869 4273 934 4333 est.
993 4259 1085 4332 Cum
1113 4274 1234 4333 autem
1286 4274 1322 4331 et
1346 4273 1496 4354 propter
1517 4260 1720 4353 praedones
1744 4259 1866 4330 multis
1896 4259 2122 4332 detrimentis
2152 4252 2237 4329 afficit

235 4390 332 4442 nunc
347 4365 520 4450 tacuerit,
545 4389 687 4435 necesse
701 4376 753 4436 est
778 4365 932 4436 alterum
949 4357 1083 4434 horum
1107 4389 1233 4435 verum
1285 4365 1431 4436 bantur.
1495 4361 1589 4438 Nam
1614 4385 1681 4432 nec
1702 4359 1885 4455 exportari
1908 4387 1966 4434 res
1986 4364 2042 4436 ibi
2064 4377 2179 4447 natae,
2201 4375 2237 4426 od

237 4494 330 4544 esse:
366 4481 429 4540 aut
443 4482 549 4553 tunc,
576 4469 674 4563 quod
694 4463 991 4559 reprehenderet,
1005 4490 1103 4537 .non
1123 4463 1235 4538 habe·
1286 4467 1478 4561 importari
1493 4492 1550 4537 res
1563 4465 1785 4537 necessariae
1800 4477 1982 4559 poterant.
2035 4467 2110 4542 Nec
2130 4466 2164 4536 in
2180 4451 2237 4532 mad

236 4573 318 4658 bat,
360 4585 441 4658 aut,
476 4571 508 4644 si
528 4571 675 4643 utiliora
698 4570 862 4655 videbat,
901 4569 1091 4664 perfidiose
1116 4570 1233 4665 ipsum
1286 4571 1389 4643 vobis
1404 4571 1570 4664 superior
1585 4580 1683 4652 erat,
1716 4591 1783 4638 nec
1804 4570 1843 4639 in
1856 4569 2017 4642 Atticam
2035 4559 2237 4643 exercitustl

235 4675 388 4748 tacuisse
403 4700 467 4759 eo,
493 4675 579 4770 quia
601 4671 784 4746 silentium
807 4670 969 4745 hostibus
989 4675 1158 4767 prodesse
1180 4673 1235 4744 in·
1287 4675 1418 4744 ducere
1447 4683 1611 4769 poterat,
1641 4667 1823 4745 Thessalis
1852 4697 1928 4743 non
1955 4675 2192 4770 sequentibus,
2218 4671 2237 4730 d

234 4777 432 4872 telligebat.
498 4777 656 4848 Econtra
687 4777 866 4862 tacuitue,
905 4799 986 4847 cum
1016 4801 1146 4848 nocere
1170 4803 1235 4872 po·
1287 4773 1471 4848 Thebanis
1500 4773 1691 4846 transitum
1722 4799 1797 4846 non
1827 4777 2124 4861 concedentibus,
2151 4789 2236 4868 quon

237 4879 331 4954 tuit?
381 4879 487 4950 ¹d'unc
502 4905 588 4950 vero
602 4879 742 4950 nemini
758 4879 900 4950 dicendi
916 4880 1036 4950 locum
1055 4880 1235 4976 relinque·
1287 4905 1396 4977 quam
1418 4881 1526 4950 duces
1555 4891 1700 4950 nostros
1726 4879 1939 4972 praeliando
1961 4880 2135 4952 vincebat.
2191 4867 2254 4936 llo*

231 4987 316 5072 bat,
343 5009 384 5054 ac
401 4996 539 5054 caetera
558 4983 703 5081 quidem
721 4984 927 5054 obscuriora
944 4995 1125 5079 utcunque
1140 4985 1234 5055 lerre
1286 4984 1410 5079 quales
1426 4981 1634 5066 emiseritis,
1659 4981 1777 5052 dicere
1793 4983 1901 5068 nolo,
1927 4995 2050 5056 tamen
2064 4991 2194 5078 propter
2202 4972 2235 5039 ls-

236 5089 362 5160 civitas
379 5085 509 5181 potuit.
570 5086 639 5158 Sed
656 5111 770 5156 unum
785 5099 838 5158 est
852 5085 963 5180 ipsius
977 5087 1110 5171 scelus,
1137 5090 1234 5184 quod
1287 5112 1411 5160 corum
1427 5100 1596 5158 naturam
1611 5098 1647 5155 et
1666 5098 1815 5180 propter
1837 5099 2075 5183 utrorumque
2095 5082 2236 5156 facultas

234 5192 341 5286 quasi
358 5205 556 5261 extremam
580 5213 730 5260 manum
753 5188 900 5260 caeteris
922 5189 1078 5274 addidit,
1112 5203 1148 5261 et
1170 5187 1234 5260 ha·
1285 5191 1398 5261 multa
1432 5189 1663 5259 incommoda
1698 5189 1732 5258 ei
1763 5189 1982 5260 accidebant.
2059 5188 2132 5262 Nisi
2160 5178 2235 5274 igitur

235 5317 320 5363 rum
347 5293 590 5362 calamitatum
612 5315 717 5361 causa
739 5301 811 5373 est,
853 5316 935 5361 cum
964 5286 1131 5362 hortator
1154 5293 1234 5378 luit,
1287 5289 1478 5364 Thessalos
1494 5305 1529 5362 et
1542 5287 1736 5364 Thebanos
1752 5305 1829 5363 arte
1845 5305 2092 5386 permoveret,
2120 5301 2156 5360 ut
2169 5283 2234 5352 olli⁰

238 5403 419 5463 utcontra
436 5389 707 5486 Amphisseuses
724 5416 825 5461 arma
844 5406 1073 5485 caperentur,
1101 5397 1233 5491 quade
1285 5396 1443 5490 propriis
1464 5395 1603 5466 incitati
1625 5395 1718 5468 odiis
1742 5419 1845 5466 arma
1868 5411 1990 5470 contra
2014 5420 2076 5468 vos
2096 5390 2233 5484 coptrffll
