4548 5788
250 159 326 234 aaa
793 145 949 230 ‚rum
980 143 1093 217 uun.
1126 138 1332 216 semera
1363 133 1702 212 effluonoerca
1958 83 1961 86 ¹
2170 147 2217 222 aa

248 327 536 423 recuperandum
568 336 700 395 statum
735 321 821 392 civis
852 317 923 392 huc
954 317 1155 398 transtulit;
1198 339 1244 385 ne
1267 313 1274 418 Ι
1298 310 1402 396 vicit,
1446 321 1639 382 coronatus
1663 322 1717 382 est
1741 321 1776 379 et
1798 312 1914 380 victor
1938 311 2147 384 renuntiatus.
2189 315 2223 386 lta

249 449 336 508 tunc
354 431 499 528 quidem
516 425 760 508 contribuisti,
785 448 862 494 non
881 422 1026 514 inopia,
1052 445 1137 490 nam
1158 415 1246 488 hae·
1299 439 1355 484 me
1382 415 1544 484 conseras
1568 414 1614 481 ad
1633 427 1858 504 praesentes,
1886 415 1933 482 ad
1945 426 1978 482 te
1992 427 2026 483 et
2038 438 2224 511 quemcunque

249 539 438 610 reditatem
461 533 576 606 soceri
599 551 784 623 acceperas
806 527 886 620 plus
909 527 1067 622 quinque
1091 522 1246 606 talentis,
1299 518 1430 601 alium,
1468 539 1624 611 quorum
1647 516 1735 586 cedo
1755 517 1865 600 nulli,
1900 540 2008 612 quum
2028 527 2227 608 praecaeteris

251 655 287 714 et
316 636 473 711 habebas
500 632 737 706 honorarium
767 655 900 702 munus
922 633 1097 700 donatum
1119 627 1164 694 ab
1190 625 1246 708 iis,
1298 619 1494 692 rectissima
1514 617 1661 690 consilia
1677 619 1840 690 dederim
1855 632 1958 702 tunc,
1982 625 2227 712 cumtempusta

251 744 315 840 qui
336 751 508 835 praesunt
528 735 705 828 collegiis,
739 747 779 804 ut
809 735 924 826 legem
953 733 998 801 de
1027 728 1246 802 instruendis
1300 725 1467 794 cultatem
1485 723 1708 794 deliberandi
1725 719 1843 794 adhuc
1858 722 2073 806 concederet,
2096 735 2126 792 et
2136 727 2227 813 patriae

250 835 403 918 nariibus
422 843 665 914 labefactasse.
718 838 787 908 Sed
804 832 892 906 baec
914 835 1064 918 omitto,
1098 856 1143 902 ne
1167 830 1247 902 lon·
1299 821 1454 897 charitas
1476 825 1646 896 invitaret
1670 849 1794 897 omnes
1815 828 1862 896 ad
1882 827 2079 896 dicendum.
2121 823 2164 894 lbi
2179 809 2254 896 conl

251 950 330 1042 gius
372 943 462 1018 haec
494 938 789 1013 commemoratio
823 963 903 1009 mea
938 963 1045 1010 carna
1082 937 1246 1004 abducat.
1299 940 1457 1000 vestrum
1473 952 1580 998 nemo
1597 928 1780 1022 prodiret,
1805 929 1923 1002 nisisi
1941 929 2029 1023 quid
2051 929 2231 1000 contrarius

249 1051 335 1126 Non
351 1049 475 1141 inopia
498 1042 590 1118 nihil
613 1043 859 1127 contribuisti,
893 1041 955 1114 sed
980 1065 1025 1111 ne
1049 1039 1248 1108 offenderes
1300 1033 1594 1124 agendnmerat,
1619 1031 1709 1104 meis
1732 1033 1902 1116 decretis,
1928 1031 2063 1121 legibus
2083 1031 2233 1121 allegatio

250 1156 453 1226 voluntates
470 1150 546 1222 eius
562 1148 694 1242 partis,
721 1146 779 1217 cui
793 1146 948 1217 favebas.
1007 1143 1111 1213 Tunc
1127 1153 1247 1212 autem
1299 1137 1406 1208 nibus
1421 1135 1545 1206 omnia
1560 1135 1810 1206 administrata
1824 1148 1921 1208 sunt.
1963 1133 2234 1228 Postquamauten

250 1268 441 1352 promptus
458 1266 493 1323 et
513 1251 641 1322 alacris
660 1273 760 1334 eras,
795 1249 940 1344 quando
963 1247 1098 1342 aliquid
1121 1257 1247 1314 eontra
1300 1234 1339 1308 hi
1355 1239 1472 1310 tristes
1489 1251 1637 1309 eventus
1651 1237 1763 1310 secuti
1776 1252 1877 1322 sunt,
1901 1249 1938 1306 et
1950 1236 2023 1306 iam
2040 1236 2235 1308 nonestloou

251 1357 318 1431 bos
334 1358 526 1429 dicendum
540 1355 629 1440 fuit,
654 1366 739 1424 tuuc
758 1365 794 1422 et
809 1352 907 1424 vocis
932 1350 1094 1420 claritate
1115 1360 1153 1419 et
1173 1371 1250 1416 me·
1301 1341 1584 1452 consultorspos,
1624 1345 1685 1414 sed
1706 1341 1818 1412 servis
1841 1353 1877 1412 et
1899 1339 2175 1420 assentatoribus,
2202 1335 2235 1406 hie

251 1463 369 1534 moria
386 1459 601 1542 excellebas,
627 1469 662 1528 et
678 1479 757 1528 eras
771 1451 900 1527 histrio
919 1453 1076 1547 optimus
1090 1465 1126 1522 et
1148 1474 1249 1544 syco-
1300 1469 1424 1517 rursus
1437 1437 1583 1536 pr'odrre
1601 1444 1822 1534 splendidius
1841 1455 1877 1514 et
1891 1444 1988 1512 alere
2006 1468 2112 1538 equos
2130 1439 2235 1530 coepisti,

251 1563 388 1661 phanta
404 1561 565 1654 insignis.
1302 1571 1368 1639 ego
1381 1543 1527 1616 humilis
1542 1556 1688 1614 econtra
1704 1543 1757 1614 tui
1772 1567 1854 1636 erga
1871 1543 1966 1614 cives
1983 1546 2093 1636 magis
2105 1544 2236 1612 benefius
2253 1603 2254 1654 1

1303 1649 1401 1720 llaec
1416 1660 1537 1718 autem
1553 1649 1625 1718 duo
1642 1646 1681 1716 in
1707 1645 1784 1718 eive
1805 1645 1982 1718 mediocri
2004 1671 2077 1720 esse
2096 1649 2178 1717 decet
2193 1643 2235 1736 (aa
2253 1661 2254 1746 p

1303 1750 1495 1824 rotundius
1518 1749 1613 1820 enim
1636 1751 1769 1846 loquor
1791 1748 1949 1820 invidiae
1980 1751 2138 1822 vitandae
2160 1750 2236 1840 caua)

1304 1869 1410 1940 tuuc,
1443 1878 1523 1926 cum
1548 1854 1697 1926 facultas
1719 1853 1788 1926 tuis
1808 1853 2063 1945 gubernandae
2082 1851 2236 1944 reipublicae

1303 1981 1477 2051 generoso
1508 1957 1632 2028 animo
1663 1957 1874 2048 dignitatem
1903 1957 2045 2050 patriae
2065 1969 2098 2028 et
2115 1953 2236 2048 priucipa-

222 1745 234 1770 κ
357 1712 457 1783 Talis
474 1735 554 1782 cum
568 1709 628 1794 sis,
652 1707 780 1779 recitas
794 1705 945 1777 nomina
962 1717 998 1775 et
1014 1705 1176 1796 exempla
1190 1727 1251 1772 ve·

252 1831 371 1890 terum
395 1817 691 1910 gubernatorum.
743 1811 813 1882 Sed
827 1833 903 1879 non
921 1819 973 1879 est
988 1808 1143 1892 iustum,
1169 1830 1249 1876 cum

252 1920 323 2016 illis
337 1944 404 1991 nos
421 1919 582 1988 viventes
606 1913 774 1986 conferri.
832 1911 1012 1982 Miramur
1035 1910 1132 1980 enim
1155 1922 1251 1979 vete-

253 2049 310 2096 res
334 2022 410 2093 sine
436 2018 571 2090 invidia
597 2031 631 2087 et
653 2015 927 2102 malevolentia,
953 2014 1113 2085 viventes
1131 2024 1249 2084 autem
1303 2073 1318 2134 t
1398 2061 1406 2078 .
1450 2063 1474 2132 d
1524 2059 1560 2130 d.
1684 2059 1735 2128 ss..
1772 2073 1787 2130 ι
1855 2061 1883 2102 ‚⁰
2169 2057 2188 2124 li

254 2115 380 2197 omnes
404 2147 467 2196 seu
488 2124 569 2216 plus
590 2145 653 2192 seu
676 2119 796 2191 minus
818 2118 952 2214 premit
981 2117 1087 2190 livor.
1154 2115 1252 2186 llaec
1319 2087 1435 2134 amm
1476 2085 1523 2130 ³¹¹
1549 2086 1579 2132 ¹⁸
1597 2083 1682 2130 ‘⁰¹¹⁸
1711 2085 1754 2132 ¹¹⁸
1786 2084 1883 2142 Μ’
1918 2073 2169 2152 ‘aelemmqffl
2189 2079 2236 2124 ‘'l''

383 2227 393 2244 .
468 2227 476 2242 .
894 2221 903 2238 .
958 2220 1000 2237 ..
1305 2191 1375 2260 que
1400 2163 1477 2236 sint
1505 2175 1691 2257 tempora,
1731 2187 1808 2234 non
1832 2177 1975 2236 mutare
2001 2159 2236 2235 benevolentiae

254 2255 367 2324 quum
382 2239 432 2296 ¹1³
448 2239 539 2309 Μ’
564 2249 641 2294 ¹¹⁰³
661 2225 725 2294 fiat
746 2224 790 2293 de
813 2247 871 2292 ¹⁰⁰
891 2223 1065 2292 ¹¹¹d¹⁶¹¹¹¹¹¹
1089 2245 1132 2293 ⁶¹
1155 2243 1252 2338 ⁰⁰¹.¹¹'
1303 2269 1382 2340 Hoc
1396 2267 1571 2338 innostra
1589 2278 1765 2360 potestate
1787 2279 1858 2350 est,
1892 2279 2043 2340 eventus
2063 2289 2140 2336 vero
2160 2282 2237 2332 caue

252 2330 443 2426 paratione
468 2341 652 2412 veterum,
693 2328 756 2396 sed
787 2338 904 2398 tecum
929 2337 965 2396 et
987 2350 1068 2395 cum
1090 2335 1251 2409 caeteris,
1304 2372 1395 2442 aliae
1411 2371 1547 2440 multae
1563 2372 1764 2462 gubernant
1833 2369 2033 2467 Nunquam
2049 2384 2154 2442 ,utem
2167 2376 2237 2434 mua.

254 2434 318 2530 qni
334 2457 477 2504 meeum
493 2430 621 2503 vivunt
635 2442 670 2500 et
685 2428 726 2499 in
741 2429 866 2500 iisdem
883 2428 1035 2520 negotiis
1051 2439 1252 2545 versantur,
1304 2486 1378 2544 mm
1395 2499 1469 2548 esse
1484 2474 1773 2544 benevolentiam
1788 2497 1906 2544 meam
1923 2473 2027 2566 signa
2041 2474 2144 2544 mult,
2158 2479 2238 2538 tem,

254 2534 461 2629 comparari
475 2559 532 2604 me
550 2558 705 2628 aequum
724 2545 787 2606 est.
844 2530 986 2601 Deinde
1002 2544 1037 2602 et
1051 2527 1121 2601 hoc
1137 2553 1253 2648 conss·
1305 2591 1377 2652 mr·
1427 2577 1640 2650 Nousacms
1658 2589 1711 2654 est
1728 2578 1880 2648 alienior
1905 2578 2049 2650 animus
2071 2591 2238 2660 ΜΝΞ,

253 2641 362 2723 dera,
385 2649 509 2708 utrum
530 2635 668 2738 ciuitati
688 2631 875 2706 honestius
898 2635 944 2706 sit
964 2659 1032 2728 pro
1056 2643 1253 2726 praesenta·
1304 2681 1395 2766 uia,
1421 2681 1530 2752 etiam
1552 2705 1633 2752 cum
1654 2705 1712 2752 me
1734 2681 1817 2752 dedi
1840 2675 1959 2754 hostes
1982 2691 2172 2774 poscerem,
2193 2695 2239 2741 ,um

254 2741 323 2814 bus
337 2739 517 2814 beneficiis
533 2739 715 2832 ingratam
735 2763 829 2824 esse,
864 2737 947 2834 quia
965 2736 1104 2806 maiora
1120 2735 1254 2806 fuerint
1345 2781 1393 2856 Ἡ
1446 2784 1455 2800 .
1563 2784 1572 2800 .
1835 2785 1843 2800 .
1956 2785 1967 2802 .
2039 2784 2048 2802 .
2099 2783 2135 2799 ..

251 2843 418 2940 priorum
451 2843 754 2934 gubernatorum,
795 2865 843 2910 an
876 2865 963 2912 vero
997 2864 1080 2933 erga
1117 2863 1252 2926 omnes,
1304 2811 1355 2906 mi
1383 2786 1515 2904 “lm-m
1536 2787 1696 2906 dicloeist
1710 2780 2013 2880 Amph¹cty⁰m⁰⁰
2037 2787 2172 2863 ’ψαῦ’
2191 2799 2239 2896 pu

253 2973 411 3044 ‘luorum
428 2947 580 3038 Probata
604 2958 657 3017 est
677 2946 785 3030 fides,
817 2944 1115 3037 significationem
1134 2956 1253 3014 osten·
1305 2890 1376 2958 ³¹¹³
1391 2899 1507 3008 mina
1522 2901 1798 2973 mmuaremur’
1833 2914 1914 2960 ⁰⁰³¹
1938 2891 2108 2960 ‘'dvmm
2128 2908 2174 2954 ¹¹¹⁰
2190 2903 2240 2948 ω’

254 3053 339 3120 dere
354 3048 596 3142 gratitudinis.
645 3049 789 3120 Addam
805 3043 876 3118 hoc
891 3073 1053 3144 quoque:
1089 3046 1174 3118 Mea
1190 3071 1253 3116 vo·
1306 3002 1426 3114 tarint
1440 2993 1520 3064 ¹1¹⁰³
1534 2993 1912 3114 sceleriwlmlquim
1927 2993 2083 3077 δώως’
2103 3005 2240 3061 ‘umam'

1305 3109 1463 3168 satrones
1491 3096 1748 3189 perduelliones
1778 3107 2021 3169 instituerent.
2092 3093 2152 3164 Sed
2175 3105 2239 3181 quau

254 3153 374 3223 luntas
393 3164 429 3220 et
446 3151 594 3222 consilia
610 3149 651 3221 in
666 3151 849 3244 republica
866 3163 1070 3243 congruunt
1092 3176 1173 3222 cum
1197 3167 1253 3220 re·
1305 3198 1410 3269 inuio
1434 3212 1570 3270 rectam
1590 3210 1626 3270 et
1647 3199 1778 3270 iustam
1800 3199 1899 3270 viam
1919 3199 2096 3292 ingressu,
2115 3217 2206 3272 emm,
2219 3197 2241 3254 ut

254 3255 322 3326 bus
344 3267 450 3346 gestis
468 3255 614 3324 allorum
629 3278 853 3324 summorum
871 3279 1052 3336 vrrorum;
1084 3266 1145 3324 tua
1166 3276 1253 3372 vero
1305 3298 1463 3374 honores
1481 3314 1516 3372 et
1530 3302 1684 3394 gloriam
1699 3303 1840 3395 patriae
1856 3304 2139 3395 magum-cerem,
2160 3287 2239 3366 abhas

256 3383 339 3428 cum
364 3355 427 3440 iis,
463 3356 526 3450 qui
549 3355 957 3476 eoscalumniabantur.
1020 3356 1136 3427 Erant
1157 3381 1254 3426 emm
1305 3429 1382 3476 non
1398 3405 1524 3476 deflexi
1575 3405 1660 3478 Non
1675 3407 1784 3476 trium
1812 3401 1942 3477 hoinl
1968 3419 2005 3478 ct
2071 3403 2166 3474 miae
2198 3415 2240 3464 mn

225 3537 230 3552 ⁸
255 3467 343 3532 tunc
364 3483 527 3554 ‘Imque’
563 3484 626 3553 qm
649 3461 897 3552 praesenubus
921 3459 1189 3544 ‘'btrectabam'
1219 3473 1256 3530 α
1306 3508 1495 3580 ambulans
1513 3455 1552 3578 iis
1567 3509 1649 3580 soro
1671 3432 1810 3582 alacri?
1820 3433 1967 3603 exeipitl1
1981 3431 2087 3582 table
2106 3451 2240 3578 veniisse

253 3561 459 3656 superiores
475 3563 723 3633 anteferebant
739 3563 1009 3647 malevolentia,
1036 3576 1077 3635 ut
1099 3575 1139 3633 tu
1157 3587 1255 3634 nunc
1305 3637 1382 3682 non
1396 3613 1557 3704 gratulor
1573 3611 1649 3684 istis
1667 3611 1855 3684 victoriam
1907 3638 1984 3686 non
2001 3609 2213 3686 cohortem
2223 3611 2240 3667 e,

1863 3665 1875 3698 2

254 3665 354 3786 lacis.
422 3665 522 3737 Talis
545 3690 626 3736 cum
654 3663 721 3751 sis,
757 3692 815 3737 me
839 3667 926 3738 dicis
950 3665 1159 3738 dissimilem
1181 3691 1254 3738 esse
1330 3739 1452 3788 emens
1467 3727 1504 3786 et
1517 3715 1686 3787 deficiens
1703 3718 1925 3790 oculosaudi
2123 3713 2192 3784 udas
2223 3727 2240 3770 ἢ

253 3769 402 3839 illorum
420 3781 580 3838 veterum
595 3769 898 3861 gubernatorum,
933 3770 1035 3866 quasi
1052 3795 1138 3841 vero
1153 3769 1254 3841 tusis
1306 3741 1418 3904 aiae,
1444 3817 1560 3890 misti
1575 3818 1700 3913 impii,
1726 3821 1789 3915 qui
1806 3742 2183 3913 patrisbrzznffietia
2198 3730 2239 3876 alh

257 3895 384 3942 ⁸⁰P¹¹¹¹¹
401 3871 548 3955 Simili&
583 3873 890 3960 auttuussrater,
924 3875 1069 3944 autulii
1093 3887 1254 3944 oratores
1329 3922 1338 3939 .
1545 3921 1554 3938 .
1682 3924 1690 3940 ‚
1847 3925 1856 3942 ,

255 3969 364 4046 huius
381 3973 566 4066 temporis·
1307 3935 1426 4006 crunt,
1453 3945 1556 4016 quasi
1572 3947 1648 3994 non
1662 3925 1769 3994 semul
1784 3949 1822 3996 se
1845 3949 1942 4017 rpsos
1963 3939 2051 3998 tunc
2074 3921 2239 3995 dedecorent

1275 4049 1276 4052 ¹
1305 4026 1403 4096 foras
1419 4037 1600 4119 spectant,
1624 4028 1806 4100 laetantur
1823 4029 2029 4104 calamitate
2043 4025 2202 4100 Graeciae.
2221 4021 2239 4078 ²¹

359 4127 437 4221 Ego
458 4153 545 4199 vero
567 4125 708 4196 nullum
732 4124 813 4195 dieo
837 4150 963 4196 eorum
985 4126 1137 4197 similem
1163 4153 1254 4212 esse;
1306 4129 1464 4222 gaudent
1479 4128 1633 4202 victores
1648 4131 1806 4204 intentos
1832 4155 1924 4216 esse,
1957 4147 2000 4204 ut
2020 4145 2142 4204 statum
2162 4137 2239 4192 tusu-

253 4231 318 4304 sed
339 4244 546 4326 praesentes
569 4255 651 4301 cum
674 4228 922 4322 praesentibus
943 4230 1099 4300 conferri
1121 4231 1253 4303 iustum
1307 4243 1386 4317 tur,
1414 4257 1521 4327 quem
1539 4233 1811 4309 constituerunt.
1860 4232 1901 4305 ld
1916 4260 1992 4306 non
2011 4224 2239 4308 concedatDtut

255 4345 327 4419 est,
354 4347 389 4406 et
405 4335 444 4406 in
457 4359 524 4408 suo
542 4357 721 4429 quemque
743 4357 911 4420 munere,
945 4347 987 4405 ut
1000 4345 1144 4426 poetas,
1170 4332 1255 4405 cbo·
1304 4337 1368 4407 sed
1383 4336 1504 4430 potius
1520 4337 1595 4408 istis
1611 4336 1799 4410 meliorem
1814 4351 1970 4410 mentem
1992 4343 2068 4422 det;
2097 4337 2147 4410 sin
2164 4337 2238 4398 auten

256 4459 335 4522 ros,
361 4441 510 4531 pugiles.
547 4437 633 4510 Non
648 4436 729 4508 ideo
745 4436 784 4506 in
800 4437 980 4532 Olympiis
993 4462 1164 4508 eoronam
1179 4461 1255 4510 non
1306 4451 1390 4511 sunt
1404 4439 1637 4526 insanabiles,
1672 4440 1769 4534 ipsos
1792 4441 1868 4516 siue
1889 4435 1999 4522 nobis
2017 4455 2109 4513 terra
2128 4429 2237 4520 mttltt‘

256 4541 391 4656 meruit
406 4539 539 4614 athleta
551 4537 804 4626 Philammon,
841 4541 1017 4636 quianon
1032 4541 1255 4635 luitparve-
1306 4544 1446 4636 perdat.
1502 4543 1577 4616 Nos
1594 4557 1713 4615 autem
1730 4547 1887 4644 reliquos
1902 4571 2011 4642 quam
2026 4545 2167 4640 primum
2179 4539 2254 4624 neap

258 4651 326 4709 terr
349 4643 487 4716 Glauco
508 4647 583 4716 lilio
606 4644 780 4740 Carystii,
821 4647 903 4731 sed,
942 4671 1023 4719 cum
1048 4659 1254 4740 praesentes
1305 4646 1454 4730 liberet,
1482 4659 1517 4717 et
1532 4671 1609 4720 non
1624 4649 1771 4721 dubiam
1787 4651 1938 4724 salutem
1954 4651 2057 4722 nobis
2073 4644 2210 4720 restitutl
