4582 5798
255 175 359 256 ,οη
836 131 1718 288 ιιιιιιᾲιιιιι.ειιιιιινιιιιιιιιιιοιιιιιιιι4
2182 181 2257 258 ns

255 351 399 446 templo
422 343 620 442 aequaliter
645 339 824 436 supplices
843 361 989 426 sumes,
1029 339 1257 434 opitulemim'
1307 341 1415 416 nobis
1437 345 1656 419 detrimento
1679 369 1766 420 esse.
1817 345 1893 420 Aut
1916 347 2025 440 igitur
2047 347 2257 422 coubsusels·

261 456 368 528 nobis
394 454 434 524 in
458 450 662 524 societatem
694 443 867 540 receptis,
897 467 963 514 nec
995 442 1160 538 proiicite
1188 467 1257 518 nus
1307 445 1454 542 quentia
1469 449 1663 520 contendet
1675 449 1902 522 manifestam
1917 449 2104 522 veritatem
2125 453 2258 564 obruerq

261 557 414 654 proprio
429 553 590 650 periculo
606 572 813 643 corporum,
828 560 864 619 et
878 571 1106 620 communem
1121 545 1257 620 utilita-
1308 550 1484 622 autlucro
1502 564 1623 626 motus
1638 555 1756 624 fucata
1772 551 1938 624 oratione
1961 577 2025 626 vos
2044 557 2200 626 seducere
2216 583 2234 622 v
2257 567 2258 570 ’

261 675 335 737 tem
356 661 564 741 adiuturos,
587 655 619 726 si
641 653 832 724 vicerimus
853 651 1060 734 vobiscum,
1092 662 1130 722 et
1152 651 1256 722 datu·
1306 653 1367 726 let.
1418 651 1493 726 Dat
1507 653 1603 724 enim
1619 651 1850 728 haeccivitas
1865 655 1988 730 multis
2001 657 2157 750 praemia
2176 579 2258 754 ext]

261 789 323 838 m
345 785 536 838 mamone
562 760 756 841 damnum,
793 753 824 828 si
850 779 927 826 non
952 752 1131 848 persuasis
1152 755 1257 826 vobis
1305 755 1399 830 libus
1408 756 1676 844 certaminibus,
1688 756 1765 852 ipsa
1779 758 1916 830 interea
1930 759 2258 862 indbuimenadtq

262 865 528 940 frustrabimur.
562 860 647 933 Sitis
660 859 751 946 viri,
768 860 891 954 quales
904 882 970 929 vos
984 857 1113 930 Graeci
1128 857 1257 950 diguus
1307 859 1419 945 citur,
1442 859 1542 931 cuius
1554 860 1609 932 rei
1623 861 1728 954 culpa
1741 885 1850 956 penes
1862 886 1928 934 vos
1944 873 2018 947 est,
2044 861 2258 959 quitaliacm

263 973 418 1054 ducunt,
444 980 480 1039 et
493 965 617 1062 quales
631 977 756 1035 nostra
769 961 961 1034 necessitas
975 961 1053 1032 vult
1066 984 1154 1032 esse.
1308 961 1445 1032 tamina
1470 963 1693 1056 proponitis,
1718 978 1756 1035 et
1775 964 1995 1052 convenitis,
2019 980 2063 1037 ut
2081 965 2154 1038 sitis
2167 967 2258 1036 verba

389 1205 393 1218 .
504 1137 682 1210 oratio
719 1132 980 1232 croisu-
1307 1067 2258 1254 tffl't‘ttztattftt'ffffittff't

365 1275 479 1368 Saepe
495 1288 532 1346 et
554 1274 644 1346 alias
665 1271 924 1357 animadverti,
950 1269 1161 1364 popularem
1185 1281 1257 1341 sts·
1308 1271 1458 1366 quisque
1477 1271 1730 1346 facundissime
1754 1273 1863 1360 dixit,
1902 1287 2001 1348 etex
2023 1275 2126 1348 factis
2146 1274 2258 1362 nouil,

263 1392 340 1450 tum
368 1403 445 1450 non
468 1401 543 1450 esse
571 1375 696 1448 utilem
719 1373 885 1468 imperio.
948 1372 1147 1466 Praecipue
1167 1396 1255 1443 vero
1307 1373 1407 1470 quod
1421 1373 1578 1459 vidistis,
1605 1375 1736 1448 certius
1751 1401 1826 1448 esse
1841 1377 1988 1462 ducitis,
2010 1401 2121 1474 qnam
2132 1401 2258 1474 quaese·

261 1505 360 1554 nune
382 1478 454 1552 boc
475 1478 700 1552 consideravi
732 1479 771 1548 in
800 1474 869 1548 bac
898 1490 1017 1548 vestra
1046 1478 1092 1546 de
1113 1475 1256 1571 Mityle·
1307 1476 1412 1562 ditis,
1444 1489 1480 1549 et
1498 1477 1668 1551 facillime
1687 1479 1804 1555 sinitis
1825 1506 1890 1553 vos
1906 1479 2026 1573 decipi
2045 1481 2193 1554 novitate
2206 1505 2257 1552 ora·

262 1585 365 1656 nasis
380 1582 617 1676 poenitentia.
668 1581 764 1678 Quia
779 1582 876 1654 enim
892 1581 988 1652 inter
1003 1605 1068 1652 vos
1082 1581 1256 1677 agitisse·
1307 1579 1439 1684 tionis,
1461 1603 1533 1652 nee
1551 1583 1692 1654 decreta
1711 1583 1815 1656 facile
1830 1583 2073 1679 exequimini,
2097 1607 2137 1656 ec
2155 1607 2256 1676 sempe

262 1701 399 1760 cnre'et
412 1687 490 1760 sine
502 1686 661 1772 insidiis,
685 1685 819 1759 similes
838 1709 913 1758 esse
927 1687 1130 1760 voluntates
1141 1687 1258 1761 socio-
1307 1680 1402 1754 servi
1427 1683 1510 1756 estis
1537 1685 1774 1756 absurdarum
1804 1685 2042 1780 opinionum,
2076 1699 2112 1757 et
2132 1687 2259 1774 fastiditis,

259 1815 343 1864 rum
362 1789 591 1875 existimatis,
622 1801 659 1862 et
679 1789 766 1862 dum
789 1789 847 1860 vel
860 1789 1021 1884 persuasi
1041 1789 1099 1860 vel
1119 1789 1258 1864 miseri·
1307 1786 1451 1858 usitata.
1492 1785 1690 1880 Accinguli
1704 1789 1833 1860 volunt
1849 1791 2022 1862 excellere
2037 1791 2259 1877 diceudomot,

263 1893 389 1966 cordis
412 1894 503 1966 moti
525 1893 644 1966 lenius
660 1916 722 1965 eos
735 1892 891 1986 punitis,
914 1918 992 1965 non
1007 1893 1147 1966 sentitis
1160 1893 1256 1987 peri-
1307 1913 1354 1961 ne
1367 1889 1558 1962 videantur
1573 1889 1761 1965 inferiores
1771 1892 1939 1985 ingenio,
1963 1905 2104 1966 certant
2118 1919 2188 1966 cum
2205 1919 2256 1964 ors

138 2073 144 2083 ,
263 1998 383 2068 culum
399 1996 503 2068 vobis
518 1995 662 2089 augeri,
686 2017 753 2066 nec
766 1997 936 2090 prodesse
956 2011 1112 2069 vestram
1134 1996 1257 2068 molli·
1307 1992 1459 2066 toribus.
1522 1991 1638 2066 Acute
1658 1995 1751 2066 dicta
1774 1995 1948 2083 laudatis,
1980 2009 2019 2068 et
2049 1996 2159 2067 videri
2184 1997 2254 2069 sulti

263 2099 351 2170 tiam
372 2100 419 2169 ad
432 2099 628 2172 flectendos
651 2097 768 2172 socios
784 2100 832 2169 ad
852 2100 1165 2188 benevolentiam,
1190 2123 1257 2170 nec
1308 2094 1377 2190 ipsi
1407 2119 1552 2191 quoque
1587 2121 1647 2170 ess
1676 2097 1910 2190 eogintiones
1941 2098 2174 2194 praevidisse,
2201 2127 2252 2170 cun

172 2221 177 2238 ⁸
263 2201 497 2274 consideratis
519 2201 733 2296 imperinm,
774 2205 873 2300 qnod
904 2199 1062 2288 habetis,
1094 2202 1257 2298 tyranni·
1308 2198 1403 2270 tardi
1418 2197 1495 2271 sitis
1516 2211 1579 2270 aut
1598 2199 1848 2295 prospicienda
1873 2227 1934 2290 ea,
1957 2227 2054 2297 quae
2069 2225 2108 2275 re
2122 2203 2187 2296 ipsa
2200 2227 2253 2296 pra

262 2305 345 2376 dem
371 2329 466 2391 esse,
498 2317 535 2378 et
552 2305 715 2379 subditos
745 2330 875 2400 parere
904 2307 1057 2393 invitos,
1094 2319 1131 2378 et
1153 2307 1257 2379 vobis
1307 2315 1410 2388 sunt,
1434 2325 1577 2396 semper
1593 2303 1662 2374 alia
1678 2303 1851 2400 qnaeritis
1867 2303 1926 2398 (ut
1941 2306 1993 2378 sic
2007 2306 2157 2406 dicam),
2179 2333 2251 2400 quau

261 2407 447 2494 insidiari,
479 2430 546 2480 nec
570 2409 725 2481 andiunt
748 2433 814 2482 vos
839 2409 942 2496 ideo,
983 2411 1069 2506 quia
1089 2409 1178 2481 laesi
1206 2409 1257 2482 eis
1308 2430 1402 2500 quae
1423 2405 1518 2476 vitae
1542 2419 1688 2478 nostrae
1708 2410 1980 2480 accommodata
2010 2422 2112 2494 suut,
2144 2433 2251 2480 eumue

261 2513 405 2584 mnium
421 2513 534 2598 datis,
556 2513 619 2584 sed
635 2512 720 2608 qnia
737 2512 775 2583 vi
792 2509 1038 2586 cobercentnr.
1070 2513 1256 2584 Pernicio·
1307 2507 1508 2603 praesentia
1525 2508 1670 2604 quidem
1690 2523 1786 2582 recte
1812 2511 2046 2586 consideretis
2070 2512 2195 2586 aurium
2214 2535 2252 2582 vs

262 2614 441 2688 &imum
463 2629 584 2688 antem
608 2627 680 2700 est,
703 2614 736 2688 si
757 2617 898 2692 decreta
912 2639 988 2686 non
1003 2627 1088 2690 sunt
1100 2616 1256 2702 stabilia,
1305 2613 1444 2707 luptste
1466 2610 1650 2704 impediti,
1689 2638 1731 2684 ac
1752 2615 1901 2700 sedetis,
1940 2639 2018 2686 non
2046 2629 2087 2694 ut
2109 2616 2251 2688 consilius

261 2741 331 2788 nec
352 2717 516 2811 cogitatu
537 2717 726 2789 meliorem
750 2743 825 2792 esse
847 2732 980 2792 statum
999 2719 1075 2792 eius
1090 2718 1256 2805 civitatis,
1307 2714 1427 2788 daturi
1459 2715 1625 2808 patriae,
1665 2719 1728 2788 sad
1760 2729 1802 2789 ut
1833 2719 1941 2792 otiosi
1973 2733 2178 2813 spectatores
2203 2719 2250 2788 elo

260 2845 356 2918 quse
371 2845 593 2918 quamquam
614 2820 851 2896 deterioribus
865 2822 1015 2917 legibus,
1033 2837 1157 2894 tamen
1170 2839 1256 2894 conis
1307 2818 1486 2916 quentiae.
2011 2857 2016 2866 ·

261 2937 399 2998 stsnter
412 2924 539 3011 utitur,
565 2949 675 3021 qnam
692 2948 786 3021 quae
799 2929 915 3000 bonas
929 2927 1024 3021 leges
1039 2923 1159 3012 babet,
1176 2926 1255 3022 qui·
1407 2921 1465 2994 lb
1487 2917 1543 2996 his
1565 2923 1727 2994 moribus
1741 2945 1809 3015 ego
1822 2947 1887 2996 vos
1904 2923 2099 3012 abducam,
2122 2951 2158 2998 ac
2169 2939 2251 2998 osteo

261 3028 330 3101 bus
351 3041 473 3100 tamen
495 3053 571 3100 non
594 3041 800 3102 constanter
821 3029 954 3116 utitur,
985 3044 1109 3127 estque
1130 3031 1256 3102 utilior
1307 3029 1390 3098 dam
1405 3049 1471 3096 vos
1487 3025 1642 3098 maxima
1657 3027 1789 3098 iniuria
1808 3027 1954 3101 allectos
1974 3053 2052 3102 esse
2073 3031 2115 3102 ab
2134 3028 2251 3102 nuelli·

256 3130 404 3204 inscitia
426 3157 509 3204 cum
532 3132 706 3204 modestia
721 3157 831 3228 quam
848 3133 1023 3206 calliditas
1039 3160 1121 3206 cum
1138 3133 1256 3227 impu·
1307 3130 1554 3226 tylenasorum
1571 3129 1727 3202 civitate.
1778 3127 1962 3202 lllisenim
1976 3133 2116 3204 veniam
2137 3129 2250 3224 do,qu'

257 3233 386 3307 nitate.
449 3233 499 3304 At
519 3235 733 3330 plerumque
753 3236 918 3310 rudiores
938 3235 1104 3309 homines
1127 3238 1256 3310 melius
1307 3233 1390 3304 ideo
1413 3257 1433 3304 a
1455 3234 1557 3306 vobis
1577 3235 1765 3318 deficiunt,
1789 3233 1874 3328 qnia
1899 3248 1963 3306 aut
1976 3259 2085 3331 supra
2097 3235 2178 3308 vires
2191 3257 2249 3302 oua

259 3349 394 3430 regunt
416 3360 499 3409 suas
519 3338 737 3431 respublicas
760 3363 871 3435 quam
895 3341 1020 3412 astuti.
1083 3341 1131 3411 lti
1158 3341 1254 3412 enim
1305 3337 1378 3408 rati
1394 3349 1498 3422 sunt,
1523 3349 1588 3408 aut
1608 3349 1786 3430 coguntur
1808 3337 1854 3408 ab
1873 3333 2039 3412 hostibus
2063 3343 2107 3410 ad
2129 3335 2249 3410 delectio

261 3441 392 3512 volunt
402 3439 520 3511 videri
534 3439 773 3534 sapientiores
789 3441 948 3534 legibus,
974 3455 1010 3512 et
1032 3441 1175 3514 vincere
1200 3467 1256 3529 ea,
1306 3463 1402 3512 nem.
1459 3437 1549 3512 lstos
1573 3463 1681 3526 vcro,
1714 3439 1777 3536 qni
1799 3438 1954 3512 insulam
1978 3456 2016 3514 et
2036 3445 2152 3515 urbem
2168 3437 2247 3511 nuni·

162 3559 180 3572 ·
262 3567 358 3642 quae
372 3545 418 3614 ab
435 3544 515 3616 aliis
534 3543 723 3632 dicuntur,
750 3545 835 3641 qnia
849 3545 991 3639 ingenia
1009 3545 1048 3616 in
1068 3547 1201 3618 maiori
1215 3570 1254 3618 re
1307 3557 1380 3612 tam
1410 3555 1553 3628 tenent,
1586 3553 1622 3613 et
1643 3556 1782 3616 tantum
1808 3543 1847 3612 in
1870 3545 1964 3614 mari
1987 3546 2176 3641 oppugnari
2193 3565 2246 3634 poe

261 3658 442 3719 ostentare
457 3672 533 3718 non
549 3661 716 3741 possunt:
744 3647 826 3720 ideo
840 3649 879 3719 in
895 3650 1016 3722 multis
1030 3651 1184 3744 negotiis
1206 3652 1255 3720 ci·
1305 3658 1408 3731 sunt,
1433 3647 1496 3717 ubi
1519 3659 1555 3716 et
1576 3669 1640 3718 sua
1665 3646 1773 3718 classe
1794 3641 1914 3719 hostes
1930 3670 2053 3720 arcere
2068 3659 2208 3744 possunt,
2224 3653 2246 3710 ct

99 3741 109 3770 ‘
260 3749 390 3822 vitates
404 3763 580 3823 evertunt.
632 3751 812 3825 Rudiores
830 3777 916 3824 vero
935 3753 1134 3826 diffidentes
1156 3753 1255 3847 inge·
1305 3761 1435 3820 sunta
1465 3749 1571 3852 npbis
1600 3745 1771 3822 honorati
1801 3745 1967 3822 concessa
1997 3752 2171 3833 libertate,
2196 3767 2246 3815 not

258 3852 352 3939 niis,
377 3875 454 3922 non
468 3855 598 3925 volunt
613 3878 687 3927 esse
703 3855 903 3928 callidiores
917 3857 1074 3950 legibus,
1099 3883 1166 3928 nec
1181 3881 1255 3928 cer·
1306 3851 1581 3926 existimandum
1607 3865 1661 3924 est
1678 3864 1818 3925 tantum
1842 3849 2030 3942 defecisse,
2056 3859 2114 3929 sed
2133 3849 2246 3924 idcolt·

258 3959 340 4026 'tare
363 3955 517 4026 dicendo
541 3982 622 4028 cnm
648 3958 748 4042 aliis,
774 3957 905 4031 conscii
920 3959 988 4030 sibi
1003 3985 1088 4034 suae
1104 3961 1254 4032 infirmi·
1304 3954 1445 4041 fecisse,
1469 3969 1511 4027 ut
1534 3955 1640 4028 nobis
1659 3956 1793 4028 bellum
1820 3955 2016 4044 inferrent,
2051 3971 2087 4030 et
2112 3981 2169 4028 nos
2192 3973 2246 4044 per·

260 4057 362 4132 tatis:
397 4057 480 4131 ideo
513 4061 655 4154 saepius
685 4073 841 4155 prosunt
866 4061 1081 4136 civitatibus.
1135 4064 1193 4136 Sic
1220 4075 1255 4134 et
1305 4061 1443 4131 derant.
1505 4057 1668 4130 Deiectio
1693 4057 1791 4130 enim
1825 4083 1951 4132 eorum
1978 4074 2050 4147 set,
2082 4061 2139 4156 qui
2161 4057 2245 4126 vio

259 4185 328 4234 nos
357 4161 552 4247 faciamus,
586 4187 661 4235 non
693 4164 822 4236 fiducia
856 4165 1084 4261 eloquentiae
1105 4168 1253 4239 suadea-
1305 4174 1449 4254 guntur.
1510 4159 1570 4234 lsti
1599 4183 1685 4232 vero
1712 4161 1808 4234 ultro
1840 4185 1878 4235 se
1899 4163 2137 4238 adiunxerant
2151 4153 2245 4230 iasub

259 4291 343 4338 mus
356 4264 476 4350 aliud,
502 4289 611 4364 quam
626 4267 810 4342 sentimus.
862 4267 940 4361 Ego
954 4270 1113 4363 priorem
1134 4294 1252 4340 meam
1305 4261 1488 4349 hostibus,
1513 4266 1611 4360 quod
1633 4265 1749 4358 ipsum
1775 4265 1884 4336 etiam
1907 4267 2065 4340 atrocius
2089 4278 2151 4350 est,
2169 4279 2244 4356 qoam

260 4369 475 4440 sententiam
489 4395 565 4440 non
581 4382 701 4457 muto,
729 4396 862 4468 eosque
876 4372 1012 4459 miror,
1038 4372 1101 4470 qui
1122 4373 1253 4464 iterum
1306 4369 1336 4440 si
1357 4392 1423 4461 per
1445 4391 1521 4440 sese
1542 4381 1683 4438 tantum
1707 4369 1839 4440 bellum
1855 4369 2069 4451 intulissent.
2114 4367 2176 4442 Nec
2187 4381 2242 4430 vt1⁰

260 4473 462 4570 retulerunt
474 4474 519 4544 de
534 4474 781 4569 Mitylenaeis,
808 4500 849 4546 ac
862 4501 965 4546 mora
981 4477 1166 4548 interiecta
1187 4499 1254 4546 no·
1305 4470 1467 4564 exempla
1488 4471 1605 4542 vicina
1632 4495 1694 4543 eos
1717 4482 1925 4544 terruerunt
1950 4497 2073 4546 earnm
2097 4471 2243 4542 duum,

260 4597 344 4644 vam
360 4575 653 4650 deliberationem
673 4577 876 4664 instituunt,
899 4601 990 4674 quae
1008 4583 1157 4674 prodest
1172 4580 1254 4665 illis,
1294 4599 1399 4670 ,quae
1431 4588 1515 4667 post
1539 4574 1775 4652 desectionem
1805 4577 1957 4669 punitae
1978 4589 2073 4649 sunt·
2122 4573 2183 4646 Nec
2199 4583 2240 4636 Ν

259 4675 326 4772 qui
349 4665 554 4770 peccarunt.
622 4683 726 4752 Mora
756 4682 851 4752 enim
880 4681 958 4752 irae
988 4683 1166 4776 mitigatio
1190 4697 1254 4768 cst,
1306 4703 1368 4750 eos
1391 4679 1542 4748 felicitas
1567 4678 1702 4762 movit,
1729 4691 1771 4749 ut
1793 4680 2033 4774 quiescerent;
2062 4695 2190 4769 curaque
2205 4687 2238 4734 ὅ*

249 4779 377 4851 sedin
392 4780 594 4883 ulciscendo
611 4785 661 4856 ita
680 4809 747 4879 par
760 4785 974 4878 supplicium
990 4789 1156 4872 suuntur,
1172 4813 1253 4860 cum
1306 4793 1385 4852 sent
1413 4783 1564 4854 audaces
1590 4783 1636 4851 ad
1659 4783 1800 4867 futura,
1839 4796 1876 4854 et
1895 4783 2032 4854 maiora
2053 4781 2170 4852 viribu
2188 4791 2236 4860 spt

249 4883 469 4976 proximum
483 4899 536 4956 est
550 4887 752 4961 offensioni.
1025 4918 1028 4926 ·
1305 4896 1448 4968 carent,
1488 4882 1608 4956 minus
1643 4898 1766 4957 tamen
1802 4907 1933 4958 nocere
1973 4895 2133 4980 possent,
2163 4889 2231 4970 quw

264 5013 268 5024 ·
310 5014 327 5062 ·,
363 4985 529 5084 Mirabor
553 4989 661 5060 etiam
682 5015 776 5076 esse,
815 4991 878 5088 qui
904 5003 1027 5061 contra
1052 4990 1169 5064 dicere
1192 5017 1254 5062 au·
1305 4987 1493 5070 volebam,
1526 4987 1659 5059 bellum
1685 5003 1895 5072 moverunt,
1921 5011 2071 5084 cumque
2089 4975 2231 5088 potentiss!

248 5093 389 5174 deant,
406 5103 452 5162 'et
466 5094 653 5164 ostendere
667 5095 854 5184 perfidiam
871 5094 1171 5189 Mitylenaeomm
1188 5117 1253 5163 no·
1306 5093 1525 5162 anteferrent
1548 5091 1724 5176 iustitiae,
1750 5092 1849 5162 nulla
1875 5093 2007 5164 iniuria
2034 5085 2151 5168 affecti,
2166 5094 2227 5198 'qua

258 5193 316 5267 bis
329 5194 454 5266 utilem
472 5220 567 5282 esse,
591 5207 626 5265 et
640 5205 782 5266 nostras
798 5199 1017 5269 calamitates
1031 5197 1156 5280 sociis,
1178 5221 1256 5268 non
1304 5196 1497 5287 sperabant
1509 5219 1610 5266 suam
1630 5193 1768 5287 partem
1784 5196 2073 5278 fore-victricem,
2095 5211 2148 5263 ros
2163 5201 2227 5248 msa

245 5323 498 5368 '''-—-
1305 5311 1439 5370 sersmt.
1503 5297 1629 5368 Solent
1657 5299 1752 5368 enim
1781 5299 1890 5371 urbes
1922 5300 2000 5370 lieri
2029 5285 2224 5399 matius

294 5425 344 5491 ⁸il
362 5411 701 5495 riom'.·ut;ss-40,·
802 5413 806 5420 '
1239 5455 1243 5476 ,
1304 5425 1385 5474 cum
1423 5399 1550 5494 exiguo
1579 5401 1705 5472 labore
1741 5402 1921 5495 insperata
1938 5402 2087 5474 ‘felicitas
2110 5391 2223 5474 contult
