4696 5802
274 195 350 276 tot

270 365 361 466 qnid
376 361 563 458 suspicari,
588 361 633 432 de
648 356 767 430 amico
782 368 906 430 tamor
916 349 1010 428 nihil
1023 354 1176 430 istorum
1192 377 1268 424 cre-

271 473 359 542 dere
386 464 556 538 voluerit.
621 461 762 534 Deinde
794 460 940 531 additur
970 458 1040 529 alia
1070 457 1267 530 confutatio

273 571 519 666 suspicionum
544 565 590 636 ab
612 563 769 662 utilill),
802 561 934 636 additis
958 561 1098 636 duabus
1118 583 1269 653 occupa·

272 675 445 746 tionibus.
509 669 631 740 Altera
662 679 716 739 est
742 667 786 738 de
810 665 1022 763 iniquorum
1044 663 1269 754 sermonibus

271 777 317 850 de
331 773 473 870 Appio,
497 798 588 870 quos
602 769 701 840 nullo
717 769 827 840 modo
844 793 970 840 cavere
985 768 1110 860 possit.
1144 766 1267 836 Altera

273 885 328 952 est
349 882 394 951 de
420 869 769 969 dissimilitudine&
793 871 1097 944 administrandae
1120 869 1269 962 provin-

273 982 370 1069 ciae,
391 992 544 1074 suntque
561 977 600 1046 in
621 977 732 1046 altera
756 975 990 1068 occupatione
1014 975 1086 1081 duo
1112 972 1268 1066 insignes

272 1083 363 1168 loci,
390 1082 575 1165 videlicet,
601 1078 744 1150 collatio
760 1077 937 1149 nobilium
964 1089 1001 1147 et
1021 1075 1269 1148 mediocrium.

267 1185 360 1265 ltem
379 1184 506 1258 allusio
522 1185 569 1253 ad
581 1183 701 1252 locum
717 1205 965 1268 communem,
992 1181 1090 1276 quod
1105 1179 1269 1250 liberales

272 1290 444 1361 debemus
473 1311 568 1370 esse,
607 1309 684 1356 non
713 1285 757 1354 de
787 1283 927 1368 alieno,
967 1286 1028 1354 sed
1057 1285 1101 1353 de
1131 1293 1268 1354 nostro.

158 1464 163 1478 ,
271 1392 412 1465 Ultimo
428 1389 509 1460 loco
526 1388 639 1460 multa
662 1399 918 1480 congeruntur.
973 1386 1129 1458 Ponitur
1150 1382 1268 1456 brevis

270 1494 470 1590 gratiarum
494 1490 606 1572 actio;
636 1491 724 1562 item
749 1489 898 1583 petitio,
932 1489 1099 1561 neultra
1128 1501 1268 1608 tempus
1360 1519 1369 1535 ·

271 1621 420 1688 manere
452 1607 601 1687 cogatur
624 1592 662 1662 in
687 1591 895 1686 provincia,
938 1592 1059 1662 addita
1089 1591 1266 1684 significa·

145 1743 150 1752 ·
274 1701 372 1772 tione
395 1697 452 1772 sui
471 1695 668 1783 itinerarii,
702 1707 738 1767 et
761 1695 1042 1790 pollicitatione,
1076 1695 1269 1790 quodsae-

273 1803 355 1897 pius
369 1801 456 1871 velit
471 1799 636 1873 scribere.
688 1797 815 1869 Monet
833 1812 1019 1892 praeterea
1035 1798 1079 1868 de
1094 1794 1269 1882 hostibus,

272 1919 309 1976 et
324 1900 537 1981 adhortatur
550 1902 709 1996 Appium
728 1903 774 1972 ad
788 1902 1015 1976 scribendum
1029 1902 1073 1972 de
1087 1901 1194 1973 rebus
1208 1925 1269 1971 ur-

271 2009 388 2081 banis.

520 2158 657 2230 Aliud
683 2171 1014 2252 argumentum.

372 2294 572 2368 Exordium
588 2279 695 2366 habet
708 2295 995 2366 extenuationem
1021 2291 1268 2380 accusationis,

270 2425 335 2474 seu
351 2393 597 2495 querelarum,
624 2399 754 2494 quibus
771 2399 926 2469 maxime
947 2399 1102 2469 offensus
1124 2396 1268 2468 videba-

271 2517 331 2576 tur
347 2503 499 2596 Appius]
550 2501 723 2573 Narratio
740 2501 899 2573 continet
923 2499 1184 2572 confutationes
1210 2523 1267 2569 ac·

271 2607 510 2678 cusationum.
562 2603 686 2674 Prima
705 2605 903 2675 confutatio
925 2600 1036 2676 habet
1057 2601 1268 2673 declaratio·

270 2733 356 2780 nem
373 2732 457 2780 suae
481 2705 677 2778 voluntatis
701 2731 784 2800 erga
799 2707 970 2800 Appium.
1029 2705 1193 2777 Secunda
1216 2717 1270 2776 est

270 2822 413 2905 sumpta
437 2835 480 2881 ex
504 2809 777 2882 circumstantiis
800 2812 1047 2907 querelarum,
1087 2809 1186 2904 quod
1211 2807 1269 2878 Ci-

272 2938 355 2986 cero
369 2912 544 3006 impediat
557 2912 752 3007 legationes
768 2913 933 2997 urbium,
959 2935 1051 3007 quae
1073 2935 1178 2982 causa
1195 2909 1268 3004 Ap·

155 3057 158 3070 ·
270 3017 325 3112 pii
355 3015 515 3087 Romam
544 3017 790 3110 proiecturae,
834 3027 996 3108 sumptus
1027 3014 1095 3086 sibi
1124 3013 1269 3084 decerni

271 3119 454 3191 volebant.
505 3118 636 3188 Addita
658 3129 711 3188 est
732 3120 907 3189 secundae
928 3117 1167 3189 consulationi.
1187 3120 1267 3188 bre·

272 3221 327 3292 vis
347 3220 557 3304 translatio,
594 3219 796 3311 significans
819 3219 978 3313 Appium
1008 3220 1164 3290 maxime
1187 3244 1268 3312 pec-

237 3379 239 3384 .
272 3347 375 3408 care,
399 3317 633 3392 non'tantum
647 3321 748 3406 illos,
775 3322 838 3417 qui
859 3335 982 3392 serunt
1006 3317 1072 3392 bos
1092 3345 1267 3394 rumores.

270 3425 413 3496 Deinde
441 3436 494 3495 est
515 3421 682 3515 repetitio
704 3423 976 3509 confutationis,
1007 3449 1079 3519 qna
1103 3423 1267 3516 pluribus

272 3527 421 3622 exponit
450 3551 517 3621 per
545 3525 817 3612 infitiationem,
852 3552 889 3598 se
917 3552 983 3598 suo
1007 3529 1151 3597 decreto
1176 3523 1268 3597 nihil

200 3623 205 3633 ’
271 3628 412 3704 laesisse
429 3628 641 3723 dignitatem
654 3628 782 3722 Appii,
808 3654 926 3726 neque
947 3628 1150 3724 impediisse
1172 3630 1268 3723 lega·
1336 3686 1345 3703 .

142 3796 147 3807 .
271 3735 400 3806 tiones.
466 3732 591 3804 Tertia
620 3731 817 3803 confutatio
841 3745 894 3804 est
916 3746 1059 3828 sumpta
1083 3757 1126 3803 ex
1148 3733 1266 3804 ironia
1336 3797 1338 3800 .

270 3861 335 3911 seu
349 3837 658 3921 dissimulatione,
683 3835 768 3908 Non
792 3861 866 3908 esse
888 3838 1080 3908 candidum
1102 3837 1268 3909 dissimu-
1320 3893 1329 3910 .

271 3940 368 4027 lare,
394 3939 494 4036 quod
509 3937 635 4023 sentis,
668 3950 704 4007 et
726 3939 887 4008 conferre
913 3939 950 4008 in
976 3941 1121 4011 alterius
1143 3965 1267 4032 perso-

270 4067 377 4126 nam,
419 4042 449 4114 si
472 4041 559 4138 quid
582 4035 845 4134 reprehendere
868 4042 968 4112 velis.
1032 4041 1265 4114 Intersertum

270 4157 326 4216 est
350 4158 601 4235 argumentum
624 4167 645 4214 a
664 4169 729 4216 suo
754 4143 938 4237 exemplo,
977 4157 1077 4215 etex
1098 4147 1265 4217 absurdo.

269 4348 454 4424 strationis
471 4375 553 4421 cum
567 4351 877 4422 administratione
890 4349 1020 4444 Appii,
1053 4351 1117 4422 ubi
1137 4375 1158 4421 a
1185 4376 1267 4444 per-

270 4477 359 4526 sona
381 4451 492 4550 Appii
519 4453 672 4544 colligit,
712 4477 787 4524 non
817 4454 971 4546 turpiter
994 4453 1139 4549 quidem
1163 4451 1266 4525 illum

270 4555 537 4628 administrasse
568 4555 813 4649 provinciam,
856 4557 978 4656 etsi⁸¹)
1008 4557 1112 4658 aliter
1142 4557 1265 4644 suasit,

271 4679 383 4754 quam
398 4659 485 4752 ipse.
536 4659 655 4755 Atque
670 4654 741 4728 hoc
759 4660 868 4729 modo
885 4661 1004 4753 placat
1015 4659 1192 4755 Appium,
1219 4686 1265 4732 ne

269 4760 558 4834 dissimilitudine
589 4761 910 4862 administrationis
943 4763 1158 4836 offendatur.
1223 4761 1265 4834 ln

268 4865 341 4936 hnc
357 4863 529 4956 epistolae
547 4883 599 4936 est
613 4868 732 4937 brevis
755 4865 953 4958 gratiarum
973 4868 1086 4954 actio,
1118 4881 1154 4938 et
1176 4868 1266 4960 peti-

269 4967 343 5050 tio;
375 4967 462 5037 item
478 4968 651 5061 expositio
666 4973 710 5039 de
726 4969 799 5041 suis
814 4969 932 5039 rebus.

266 5225 271 5234 .
302 5191 352 5249 w)
371 5187 448 5251 uult]
467 5186 509 5240 sio
525 5186 610 5240 nutet.
631 5187 838 5254 ¹5⁶5‘¹⁵⁷⁷·3
861 5188 913 5240 uc
932 5186 1010 5238 ¹556.
1028 5183 1127 5237 iuntlti.

301 5275 610 5396 wiredillmfflwffio]
627 5273 668 5325 ric
684 5273 770 5326 nutu.
790 5273 899 5324 ¹56⁵-
909 5273 1004 5350 16174
1029 5271 1080 5322 no.
1092 5267 1166 5324 tlte.
1184 5271 1265 5325 stral-

370 5357 387 5394 u
436 5357 462 5395 e.

281 5423 350 5517 'Sil
369 5429 439 5492 rili]
457 5430 500 5486 alo
515 5431 603 5488 tert
622 5427 731 5485 md·-
743 5427 837 5488 idm
866 5427 917 5480 lid.
936 5427 1013 5483 tate.
1032 5425 1151 5480 dunel.

852 171 978 258 m.
1009 175 1126 256 llll..
1155 173 1362 254 emuna
1390 173 1729 262 monnulus

2229 203 2288 280 tot

1563 357 1703 434 Aliud
1736 374 2073 454 argumentum.

1421 489 1723 584 Expostulaverat
1742 497 1880 590 Appius
1902 523 1982 569 curn
2001 499 2188 591 Cicerone,
2210 515 2289 603 quod

1320 596 1584 681 nonobscuras
1599 600 1875 692 significationes
1890 602 2001 672 animi
2019 629 2102 698 erga
2124 633 2161 679 se
2181 633 2286 700 parum

1320 697 1428 790 aequi
1461 722 1543 770 cnm
1581 705 1723 796 publice
1762 717 1838 776 tum
1872 705 2043 798 privatim
2077 712 2314 800 praebuisses

1320 798 1448 870 deiude
1466 801 1595 890 etiam,
1622 810 1721 903 quod
1736 807 1981 902 impedivisset
1994 811 2200 904 legationes,
2219 843 2289 911 qaus

1320 903 1559 993 provinciales
1574 907 1730 980 Romam
1747 911 1891 984 missuri
1905 925 2021 1000 erant,
2045 912 2240 1009 utAppium
2253 921 2288 990 ob

1320 1005 1546 1096 provinciam
1563 1011 1654 1082 bene
1673 1015 1960 1087 administratam
1984 1016 2024 1085 in
2045 1030 2170 1090 senatu
2189 1021 2288 1091 lauda·

1319 1119 1413 1179 rent.
1463 1106 1504 1180 ld
1522 1114 1607 1207 quia
1624 1110 1920 1214 honorificum⁸¹)
1934 1107 2055 1213 Appio
2069 1133 2163 1207 erat,
2187 1121 2286 1218 inique

1321 1208 1403 1279 tulit
1425 1235 1445 1280 a
1468 1213 1639 1288 Cicerone
1662 1219 1830 1313 impediri
1848 1221 2058 1312 legationes.
2108 1224 2288 1316 Respondet

1321 1325 1440 1384 autem
1459 1315 1606 1405 Cicero,
1640 1334 1736 1394 etse
1759 1325 1803 1395 de
1825 1320 1935 1420 bis⁸⁸)
1951 1325 2079 1395 ordine
2094 1340 2232 1420 purgat,
2253 1329 2287 1399 si-

1321 1417 1398 1486 mul
1421 1442 1543 1494 causas
1567 1423 1742 1512 ostendit,
1777 1425 1896 1526 cur“)
1919 1427 2028 1500 aliam
2049 1431 2220 1500 rationem
2241 1433 2286 1500 ad-

1320 1520 1579 1594 ministrandae
1606 1529 1816 1620 provinciae
1847 1539 2039 1625 sequatur,
2078 1531 2241 1628 siquidem
2259 1533 2286 1602 id

1321 1647 1465 1719 quoque
1479 1625 1618 1720 Appius
1632 1655 1700 1724 pro
1720 1629 1932 1726 argumento
1948 1632 2096 1704 alienati
2117 1635 2221 1704 animi
2238 1632 2286 1706 ha-

1320 1725 1437 1798 bebat.
1489 1727 1650 1822 Epistola
1668 1733 1778 1826 igitur
1794 1750 1846 1807 est
1859 1736 1998 1830 generis
2013 1737 2194 1810 iudicialis.
2233 1737 2286 1808 Ex·

1321 1829 1464 1902 ordinm
1475 1845 1600 1904 autern
1615 1851 1797 1932 sumptum
1821 1853 1874 1910 est
1896 1865 1917 1910 a
1934 1863 2041 1911 causa
2060 1839 2286 1934 respondendi,

1320 1943 1357 2002 et
1370 1927 1479 2028 habet
1496 1939 1782 2012 extenuationem
1800 1941 2046 2035 suspicionum
2059 1942 2184 2037 Appii,
2206 1967 2286 2037 quat,

1319 2035 1382 2105 ubi
1397 2035 1436 2107 in
1454 2040 1580 2109 urbem
1595 2045 1754 2131 venerit,
1781 2045 2026 2118 intellecturus
2049 2047 2096 2118 sit
2111 2045 2286 2118 falsissimas

1321 2159 1420 2211 esse.
1448 2139 1618 2238 Sequitur
1633 2147 1776 2239 longior
1790 2147 1988 2220 confutatio
2004 2151 2222 2244 qnoutndam
2235 2146 2286 2216 cri·

1319 2241 1479 2328 minum,
1518 2270 1612 2340 quae
1641 2251 1902 2322 obiiciebantnr
1927 2251 2094 2323 Ciceroni
2117 2254 2160 2322 ab
2178 2249 2285 2342 Appio.

1318 2345 1483 2416 Primum
1520 2349 1656 2421 crimen
1690 2350 1760 2424 hoc
1790 2357 1901 2425 modo
1934 2357 2115 2438 confutat,
2161 2351 2285 2446 opponit

1319 2448 1582 2542 suspicionibus
1595 2465 1630 2522 et
1647 2457 1806 2530 obscuris
1821 2458 1931 2550 signis
1953 2460 2116 2551 publicas
2136 2454 2284 2526 laudatio

1319 2575 1394 2624 nes.
1460 2553 1663 2626 Secundum
1694 2561 1829 2633 crimen
1854 2564 1898 2632 de
1922 2561 2049 2652 legatis
2073 2561 2222 2631 consistat
2238 2577 2286 2648 per

1319 2654 1590 2745 infitiationem,
1632 2685 1670 2732 se
1697 2687 1772 2734 non
1799 2663 2027 2758 impedivisse
2055 2665 2202 2755 legatos,
2238 2659 2285 2729 sed

1318 2757 1489 2830 minuisse
1520 2777 1702 2855 sumptus,
1751 2781 1874 2863 estque
1907 2767 2046 2860 integer
2078 2765 2284 2861 syllogismus·

1319 2861 1472 2933 Orditur
1489 2876 1643 2937 autema
1660 2869 1819 2958 minore,
1853 2871 1891 2940 in
1917 2895 1988 2966 qua
2013 2882 2137 2940 narrat
2155 2866 2286 2937 civitates

1318 2966 1535 3058 postulasse,
1560 2981 1602 3038 ut
1624 2973 1804 3044 decretum
1828 2987 2062 3068 proponeret.
2113 2971 2197 3042 Post
2210 2963 2287 3036 addi!

1319 3069 1515 3156 maiorem,
1556 3070 1595 3140 in
1620 3099 1692 3169 qua
1716 3075 1843 3148 alludit
1865 3079 1911 3147 ad
1932 3077 2054 3149 locum
2077 3091 2286 3147 communem

1320 3173 1363 3241 de
1387 3173 1523 3244 iustitia
1544 3181 1790 3250 conservanda
1806 3180 1866 3278 ¹⁶).
1933 3179 2035 3252 Loco
2063 3169 2286 3250 confutationis

1319 3274 1506 3346 subiicitur
1545 3275 1777 3371 reprehensio
1819 3285 1966 3378 iniquae
2008 3271 2286 3376 expostulationis.

1320 3402 1412 3472 quae
1427 3379 1576 3450 minime
1593 3382 1693 3454 decet
1714 3387 1829 3462 bonos
1854 3387 1999 3459 amicos.
2059 3387 2108 3456 At
2125 3381 2180 3454 bic
2198 3381 2286 3454 locus,

1320 3481 1403 3574 qnia
1420 3477 1554 3576 ἠθικὰς
1568 3497 1636 3570 est,
1662 3499 1698 3556 et
1714 3492 1760 3559 ad
1781 3491 1992 3562 formandos
2014 3513 2134 3560 mores
2156 3483 2286 3580 prodest

1319 3584 1509 3678 diligenter
1523 3599 1576 3656 est
1590 3589 1849 3665 observandus:
1876 3589 1978 3664 Nihil
1994 3593 2171 3664 minusad
2189 3578 2286 3655 amici-

1318 3700 1386 3758 tras
1417 3693 1679 3765 conservandas
1712 3709 1836 3788 aptum
1864 3708 1937 3781 est,
1987 3723 2099 3792 quarn
2124 3687 2285 3788 querulum

1320 3815 1414 3876 esse,
1440 3792 1530 3862 sicut
1546 3808 1670 3867 contra
1694 3823 1835 3870 summa
1858 3801 1975 3871 virtus
1995 3815 2067 3887 est,
2100 3820 2173 3868 non
2193 3790 2285 3862 solum

1317 3918 1358 3962 tn
1373 3893 1556 3981 amicitiis,
1582 3901 1645 3970 sed
1667 3900 1706 3970 in
1733 3903 1900 3976 omnibus
1921 3905 2016 3974 vitae
2038 3901 2194 3998 partibus
2207 3885 2286 3961 dissi·

1318 3998 1456 4067 mulare
1484 3999 1591 4071 etiam
1625 4004 1706 4092 illa,
1739 4009 1783 4076 de
1809 4005 1938 4103 quibus
1961 4008 2040 4078 iure
2063 4003 2163 4103 queri
2184 3989 2285 4106 possis·

1317 4101 1416 4172 Sicut
1439 4105 1672 4194 proverbium
1697 4122 1837 4181 monet:
1877 4110 1995 4180 Amici
2014 4133 2133 4180 mores
2155 4114 2286 4172 novena

270 4245 409 4319 Ultima
427 4247 623 4319 confutatio
639 4244 748 4318 babet
767 4246 996 4318 collationem
1012 4271 1096 4320 suae
1114 4247 1266 4319 admini·
1317 4229 1396 4324 ¹¹⁰,¹¹‚
1426 4205 1613 4304 ⁰d⁰ri⁵⁸⁶l
1674 4209 1804 4283 P⁰⁵l⁰³
1829 4213 1974 4284 additur
1996 4219 2233 4308 argssmentum
2249 4193 2283 4260 ³¹³

1317 4308 1417 4392 utlh,
1444 4334 1516 4404 quo
1533 4311 1726 4384 verisimile
1743 4317 1848 4403 facit,
1875 4318 1973 4412 quod
1987 4343 2064 4389 non
2081 4305 2226 4385 voluerit
2243 4294 2283 4366 ol·

1317 4412 1463 4482 lendere
1490 4411 1668 4508 Appium,
1709 4419 1808 4491 cuius
1843 4421 2093 4492 benevolentia
2129 4427 2163 4484 et
2194 4417 2282 4496 ⁰})0ra

1317 4515 1471 4586 marinio
1495 4541 1585 4610 opus
1608 4515 1807 4621 habeat⁸⁷).
1859 4522 2035 4596 Ultimum
2061 4519 2282 4612 argumentum

1350 4787 1400 4848 ἃ)
1417 4785 1611 4850 honorificum]
1629 4787 1677 4841 aa.
1698 4789 1774 4841 tbdb.
1792 4801 1891 4842 errore
1909 4794 2038 4858 typogm
2060 4777 2243 4840 tonorttctnn.

1350 4872 1400 4932 ⁸³)
1419 4873 1503 4990 spuo
1519 4871 1578 4933 ars]
1598 4871 1641 4924 ste
1658 4876 1734 4924 recte
1752 4873 1837 4926 nutu.
1859 4874 2049 4928 sess-sorr.
2060 4889 2069 4938 ;
2104 4867 2152 4921 nu.
2171 4853 2236 4912 tetta
2255 4846 2280 4894 ιι

1385 4952 1418 4991 fle
1455 4955 1487 4993 ts.

1350 5027 1400 5086 84)
1417 5030 1481 5088 cor]
1500 5027 1540 5077 eto
1558 5030 1636 5078 recte
1653 5027 1704 5078 Ed.
1725 5027 1817 5095 itate
1840 5028 1926 5082 nette.
1947 5024 2134 5082 sees-ten.
2151 5019 2177 5070 et
2191 5019 2240 5062 cur.

1344 5087 1400 5170 'sot
1417 5112 1452 5162 de
1470 5113 1576 5165 lustitia
1601 5114 1807 5174 conservando]
1831 5115 1874 5166 sto
1898 5117 1983 5168 nette.
2004 5117 2070 5170 1⁶65
2082 5139 2113 5151 -
2128 5101 2213 5164 ¹⁶77&
2243 5083 2280 5142 μ’

1389 5182 1465 5233 ¹558.
1482 5183 1519 5233 ed
1537 5181 1672 5233 iustitiam
1691 5185 1920 5236 conservandum.

1351 5265 1463 5385 Sdlrgie
1479 5269 1533 5387 ppo
1548 5269 1697 5332 proverbio
1718 5269 1790 5324 cont.
1809 5269 1921 5322 Erunt
1939 5271 2020 5338 edsg,
2043 5261 2152 5323 0511,st
2174 5251 2237 5308 auc.
2253 5237 2280 5290 V.

1384 5349 1401 5398 p
1438 5349 1463 5385 V·
1516 5374 1523 5390 .

1348 5420 1399 5482 ⁸⁷)
1417 5422 1532 5488 sense]
1551 5422 1593 5475 ste
1610 5425 1686 5476 reete
1702 5426 1754 5480 na.
1774 5425 1866 5492 sane,
1891 5395 2268 5482 1tdttt.tttt-ttt⁷.¹¹l⁰¹'
