4584 5796
36 207 92 286 ns
137 203 250 278 xxxx.
298 151 608 279 anonumum
632 200 703 275 nr
725 169 928 278 senonia
951 201 1002 278 m
1027 201 1176 278 misr.
1202 203 1315 280 rau.
1344 201 1428 280 cre.
1456 205 1544 282 ru.
1559 210 1603 282 v.
1629 211 1912 286 Ennaeas.
1945 215 2041 291 ‘rac

115 375 142 472 5.
157 381 189 450 1.
226 381 342 450 Omnis
366 403 462 448 amor
481 369 579 473 tusa]
603 371 823 463 Exordium,
866 378 990 448 laudat
1046 389 1098 447 est
1113 377 1156 445 dc
1175 377 1422 470 magnitudine
1440 381 1673 472 aegritudinis
1690 383 1813 468 animi,
1832 386 2037 458 cuiusnulla

32 485 158 554 officium
183 505 223 550 ac
237 481 382 556 litteras.
569 483 575 498 “
1044 482 1201 550 remedia
1219 483 1406 567 videntur,
1433 485 1718 577 quamexplicat
1734 488 1876 580 querela
1899 486 2037 580 longio-

109 581 136 674 §.
151 589 185 658 2.
210 585 399 655 Habuimus
421 576 534 679 euin]
566 581 790 676 Querelass).
867 587 990 654 Tecum
1042 583 1091 666 ri,
1129 609 1220 676 quae
1255 597 1394 654 constat
1425 585 1675 658 distributione
1704 591 1747 657 de
1779 593 2035 662 consuetudine

30 683 367 784 aan]Exaggerau·0
382 707 446 776 per
464 682 772 754 distributionem:
794 686 867 756 Nec
883 685 987 754 amici
1041 685 1259 770 amicorum,
1283 691 1327 758 de
1349 689 1448 770 foro,
1475 693 1568 760 etde
1585 691 1731 775 litteris,
1758 693 1944 786 exquibus
1960 694 2032 764 iam

30 791 122 858 levant
141 789 291 872 luctum,
317 789 537 868 neclorum,
564 787 794 865 neclitterae.
1039 789 1175 858 nullam
1193 790 1344 882 accipiat
1366 791 1659 864 consolationem.
1723 792 1764 862 ln
1795 791 1861 864 bac
1886 797 2030 890 querela

105 887 181 980 §.b
205 893 273 960 Hic
294 901 332 962 tu
352 888 511 980 eamsss)
536 887 721 981 Epilogus.
797 893 915 984 ltaque
937 891 988 958 sio
1039 891 1179 982 elegans
1211 905 1262 962 est
1293 895 1555 986 prosopopoeia
1581 897 1781 965 litterarum
1810 923 1871 966 seu
1894 873 2030 969 slndio·

28 989 203 1088 litterie⁴⁴)]
232 992 436 1075 Correctio,
463 994 506 1060 de
521 991 661 1062 litteris.
1037 1017 1139 1076 mm,
1166 1019 1257 1088 quae
1280 993 1369 1066 nibil
1394 998 1622 1068 consolentur
1645 997 1806 1068 animum
1831 1013 2030 1090 aegrotum,

105 1091 178 1183 §.5.
208 1096 303 1178 Quod
323 1096 616 1188 cruentamur]
639 1093 846 1164 Conclusio:
875 1090 985 1160 Dein·
1036 1095 1098 1164 sed
1130 1097 1347 1187 exprobrent
1376 1100 1561 1169 consilium
1596 1102 1763 1170 manendi
1794 1100 1831 1168 in
1868 1125 1909 1170 ea
1943 1102 2028 1186 vita,

27 1219 86 1286 ceps
106 1218 172 1266 una
194 1196 317 1266 simus.
1036 1221 1127 1290 quae
1147 1196 1238 1268 nibil
1262 1201 1330 1271 nisi
1354 1202 1514 1273 miserias
1535 1197 1676 1274 babeat.
1736 1203 1926 1274 Conclusio
1953 1203 2027 1294 pri-

1035 1325 1134 1370 mum
1164 1302 1321 1373 continet
1343 1304 1639 1396 significationem
1662 1305 1718 1374 sui
1746 1305 1904 1389 consilii,
1938 1305 2025 1398 quid
2119 1323 2123 1334 ·

1033 1401 1149 1472 facere
1173 1405 1414 1491 constitnerit,
1456 1407 1619 1478 videlicet
1651 1409 1748 1504 quod
1777 1407 1905 1476 litteris
1939 1407 2025 1476 velit

99 1503 333 1596 llesponsoria
362 1515 415 1574 est
441 1503 486 1572 ad
506 1504 774 1592 praecedentem
793 1501 980 1593 epistolam
1034 1503 1259 1591 incumbere,
1300 1531 1342 1578 ex
1367 1509 1495 1604 quibus
1518 1521 1616 1600 petat
1640 1507 1730 1578 nihil
1762 1511 1879 1593 aliud,
1912 1533 2022 1603 quam

25 1605 152 1688 lucerii,
177 1631 286 1700 aquo
302 1605 471 1675 invitatus
495 1617 591 1686 erat,
616 1618 657 1674 ut
676 1605 715 1672 in
737 1606 863 1674 urbem
888 1602 981 1672 redi·
1033 1596 1190 1700 aliquam
1221 1609 1439 1682 oblivionem
1462 1611 1610 1682 doloris.
1667 1611 1806 1681 Deinde
1828 1625 1953 1680 monet
1978 1613 2022 1680 de

25 1721 71 1790 ret,
87 1709 197 1801 ibique
219 1720 382 1780 uteretur
396 1708 652 1782 cousuetudine
667 1707 877 1778 amicorum.
911 1704 981 1785 Re·
1032 1731 1095 1778 sua
1125 1721 1204 1802 spe,
1238 1715 1336 1808 quod
1368 1716 1528 1785 futurum
1559 1715 1725 1806 deinceps
1755 1713 1950 1796 existimet,
1982 1725 2023 1782 ut

25 1813 143 1900 spondet
162 1823 303 1895 antem,
333 1809 471 1882 acideo
495 1809 646 1878 libenter
669 1809 855 1891 esseruri,
882 1809 978 1901 quod
1032 1837 1103 1881 una
1127 1837 1199 1886 esse
1224 1815 1379 1907 possint,
1412 1830 1446 1886 et
1472 1817 1543 1886 srui
1574 1816 1633 1885 illa
1661 1814 1913 1887 iucundissima
1937 1839 2021 1884 con-

26 1912 51 1980 in
63 1913 134 1982 urbe
154 1913 252 1984 nulla
270 1913 448 2004 praesidia
464 1911 611 1994 sentiat,
639 1911 767 2006 quibus
788 1910 894 1983 dolor
913 1911 980 1980 mi·
1032 1917 1229 1987 suetudine.
1821 1919 1826 1926 “

25 2015 68 2082 nui
86 2015 195 2105 possit.
247 2015 446 2086 Exordium
470 2025 651 2106 sumptum
675 2029 728 2086 est
752 2039 773 2084 a
798 2037 979 2084 commen-

24 2117 135 2186 datione
157 2119 359 2188 litterarum
383 2116 544 2200 Lucceii,
570 2117 609 2185 in
633 2117 761 2210 quibus
781 2117 904 2186 laudat
927 2117 978 2185 ol-

25 2219 122 2290 icinm.
169 2221 341 2316 Sequitur
364 2219 584 2316 propositio,
617 2222 715 2314 quod
739 2220 836 2290 nulla
858 2217 979 2288 videat
1130 2219 1326 2292 Exordium
1368 2217 1476 2292 habet
1509 2225 1626 2294 locum
1669 2205 1939 2294 benevolentiae
1978 2245 2019 2290 ex

24 2323 146 2391 remedia
175 2325 327 2396 doloris.
389 2322 498 2394 Ratio
529 2321 787 2414 propositionis
819 2321 979 2391 continet
1021 2323 1339 2404 ,commendatione
1363 2325 1484 2418 scripti
1497 2324 1650 2398 Lucceii.
1703 2325 1871 2418 Sequitur
1886 2347 2019 2415 propo-

25 2427 189 2514 querelam,
227 2451 324 2521 quae
351 2440 403 2498 est
431 2425 646 2518 amplificata
668 2449 734 2516 per
757 2423 977 2496 distributio·
1029 2424 1130 2495 sitio:
1156 2423 1254 2497 Nihil
1270 2440 1322 2498 est
1341 2425 1495 2512 mirum,
1520 2427 1551 2498 si
1574 2429 1736 2510 doleam,
1764 2439 1799 2494 et
1814 2426 1939 2519 procul
1956 2425 2016 2492 ab·
2103 2481 2106 2494 .

23 2549 92 2597 nem.
133 2528 317 2612 Primum,
343 2531 441 2623 quod
459 2527 584 2610 amici,
612 2550 766 2621 quorum
789 2537 977 2598 consuetu·
1028 2527 1095 2596 sim
1121 2528 1165 2596 ab
1191 2531 1290 2602 urbe.
1356 2529 1487 2599 Addita
1510 2541 1563 2601 est
1590 2528 1786 2600 confutatio
1815 2525 2017 2618 argumenti
2062 2599 2070 2622 ι

25 2629 56 2694 do
72 2630 207 2700 iumnda
230 2631 376 2715 fuisset,
399 2631 532 2722 partim
555 2625 820 2724 perierint⁴⁵⁸),
843 2629 975 2722 partim
1027 2627 1186 2701 Lucceii:
1213 2631 1303 2716 Hoc,
1329 2631 1480 2730 quodfl)
1497 2645 1537 2704 tu
1554 2633 1753 2714 existimas,
1778 2653 1854 2700 non
1870 2641 1921 2698 est
1935 2650 2017 2697 cau-

25 2754 50 2799 se
63 2733 294 2829 negligant⁸⁰).
320 2731 609 2804 DeindeLucceii
622 2731 878 2804 consuetudine
893 2731 977 2802 licet
1028 2756 1065 2802 sa
1088 2733 1271 2826 potissima
1296 2734 1459 2806 tristitiae
1481 2759 1521 2806 ac
1543 2735 1688 2806 doloris.
1740 2731 1835 2805 Nam
1857 2732 1939 2801 ideo
1965 2728 2015 2800 sic

24 2829 89 2902 nihil
110 2860 176 2907 esse
199 2836 358 2927 gratius,
389 2848 509 2907 tamen
533 2859 575 2906 ea
596 2830 769 2906 hactenus
789 2836 864 2904 lato
887 2858 977 2928 quo·
1028 2835 1152 2920 doleo,
1186 2839 1284 2932 quod
1306 2837 1442 2907 nullum
1464 2843 1612 2930 prorsus
1630 2835 1829 2907 remedium
1850 2831 2014 2904 tristitiae

24 2936 83 3005 dam
101 2962 168 3008 non
189 2939 334 3011 licuisse
349 2939 433 3012 lrui.
484 2940 673 3010 Postremo
697 2961 772 3007 non
794 2937 833 3006 in
849 2935 976 3005 litteris
1027 2937 1205 3032 reliquum
1237 2963 1311 3010 esse
1344 2940 1505 3024 videam,
1549 2939 1680 3010 sublati
1708 2950 1791 3008 sunt
1819 2931 2015 3004 fidelissimi

23 3039 133 3130 guidem
162 3066 235 3113 esse
265 3041 421 3135 positum
452 3041 620 3112 solatium
650 3038 797 3133 aliquod
828 3037 976 3120 doloris,
1028 3039 1154 3122 amici,
1176 3053 1318 3112 mortua
1342 3054 1394 3111 est
1414 3039 1486 3110 filia
1510 3039 1656 3111 unicum
1675 3038 1856 3110 solatinma
1905 3034 2013 3106 Nulla

22 3163 88 3230 quae
99 3145 209 3234 potius
222 3145 297 3214 iam
313 3146 529 3236 exprobrent
539 3139 635 3213 banc
648 3140 760 3211 animi
776 3140 975 3211 mollitiem.
997 3165 1005 3288 Ι
1027 3165 1105 3233 spes
1121 3153 1173 3212 cst
1188 3143 1326 3237 reliqua
1346 3143 1388 3212 de
1410 3143 1522 3214 salute
1546 3142 1697 3236 patriae.
1751 3140 1915 3232 Denique
1936 3136 2012 3227 ipsa
2078 3146 2081 3154 ’

22 3235 138 3316 lnurbe
158 3271 246 3318 vero
272 3246 493 3318 uberrimam
521 3267 595 3318 esse
630 3245 819 3316 materiam
848 3243 974 3313 luctus.
1026 3245 1225 3315 litterarum
1246 3245 1351 3315 lectio
1370 3241 1461 3314 nihil
1476 3271 1533 3314 me
1555 3246 1771 3315 consolatur.
1821 3236 2012 3322 interserta

23 3339 277 3420 luconclusione
298 3350 464 3444 exponit,
491 3350 578 3445 quid
602 3347 826 3428 constituerit
845 3348 974 3426 facere,
1026 3358 1078 3418 est
1101 3347 1305 3441 occupatio:
1338 3347 1385 3417 Et
1404 3355 1519 3418 tecum
1543 3347 1696 3417 libenter
1716 3346 1895 3426 viverem,
1927 3339 1957 3411 si
1977 3339 2015 3408 id

23 3446 150 3521 tidelicet
173 3455 274 3548 quod
289 3453 366 3524 ruri
381 3455 467 3523 velit
480 3455 601 3522 vivere
615 3451 710 3520 inter
727 3451 876 3532 litteras,
899 3471 974 3516 non
1026 3449 1103 3518 lieri
1128 3462 1258 3542 posset.
1324 3449 1515 3522 Conclusio
1541 3444 1649 3519 babet
1670 3451 1815 3519 brevem
1840 3443 2014 3536 significa·

23 3562 50 3617 ut
66 3553 192 3624 illarum
222 3555 438 3626 tractatione
467 3557 629 3626 dolorem
653 3553 796 3644 penitus
819 3550 974 3633 abiiciat,
1025 3553 1160 3621 tionem
1183 3576 1331 3623 suorum
1354 3552 1555 3623 studiorum
1584 3564 1619 3622 et
1646 3549 1943 3644 pollicitationem
1969 3545 2014 3612 de

23 3653 65 3722 sed
82 3657 205 3729 sobriet
224 3654 405 3729 nonnihil.
1026 3677 1090 3724 suo
1118 3654 1286 3725 adventu.
1326 3705 1336 3720 .
1459 3685 1462 3692 ⁴

215 1365 354 1436 Aliud
380 1363 764 1460 argumentum⁴⁶).

1277 2085 1416 2157 Aliud
1441 2099 1767 2178 argumentum.

222 3840 362 3938 blind
397 3848 730 3929 ”Bumenluffl-
1074 3852 1396 3944 Argumentum
1431 3863 1474 3920 et
1505 3843 1684 3922 scholia
1717 3851 1763 3920 iu
1788 3847 1963 3940 episto-

101 3975 189 4046 Tota
213 3988 269 4047 est
297 3971 526 4068 responsoria
556 3973 602 4038 ad
633 3967 819 4061 epistolam
852 3965 974 4060 proxi-
1384 3954 1470 4022 lam
1496 3951 1659 4050 ΠΗ).

21 4093 90 4185 111111
104 4075 259 4197 Lucceii,
285 4077 324 4146 ln
345 4101 414 4196 11111
440 4073 594 4144 ⁰⁸le¹¹dll
609 4073 769 4164 quadam
787 4093 974 4188 ‘num‘fas
1125 4104 1325 4178 Exordium
1346 4105 1488 4176 ducitur
1512 4129 1532 4174 a
1556 4105 1782 4210 difficpltate,
1813 4113 1850 4170 et
1872 4097 2013 4171 subiici-
2075 4127 2078 4142 ·

22 4179 538 4300 ¹¹⁰¹¹021ssq1¹³nl⁰³¹llu⁶l¹¹2
572 4197 677 4268 ‘luem
710 4197 826 4268 ne‘1¹¹3
855 4196 974 4292 ΨΜ
1026 4225 1085 4283 tur
1102 4223 1185 4303 apta
1203 4209 1397 4292 correctio,
1423 4231 1513 4302 quae
1536 4207 1696 4294 continet
1715 4203 2013 4298 propositionem,

22 4297 105 4370 neque
126 4287 238 4354 ⁸¹1¹d¹³
262 4282 456 4400 ³dffl0‘luffl
476 4281 594 4396 levare
618 4289 777 4394 P⁰⁵⁸¹¹J¹¹⁰
821 4274 975 4395 ‚Ofdnffff
1025 4314 1189 4383 videlicet
1206 4313 1304 4406 quod
1321 4311 1516 4402 scripturus
1528 4307 1574 4378 sit
1598 4308 1779 4401 quandam
1800 4305 2013 4377 consolatio·

22 4390 109 4500 autem
131 4411 148 4452 a
164 4387 459 4500 comprobatione
475 4383 694 4460 litterarum,
717 4377 976 4471 inquibusrn·
1025 4441 1121 4488 nem·
1187 4414 1393 4508 sequuntur
1416 4421 1638 4500 argumenta·
1699 4409 1863 4480 Primam
1888 4405 2012 4476 ,1000

23 4500 117 4567 premis
130 4489 253 4558 laudat
267 4487 421 4558 officium
436 4507 474 4552 m
492 4481 724 4552 consolando.
767 4480 974 4572 Proposrtro
1026 4517 1227 4600 communi,
1254 4517 1296 4584 de
1312 4511 1515 4582 conditione
1529 4511 1769 4582 mortalitatis,
1810 4510 2011 4580 seeundum

24 4635 194 4660 ““““““““
1027 4621 1102 4718 δ”)
1119 4618 1269 4690 miseriis
1289 4613 1524 4705 reipublicae,
1555 4614 1719 4685 videlicet
1738 4615 1830 4682 bene
1854 4637 1933 4682 cunr
1957 4605 2013 4686 bis

46 4719 83 4778 ⁰)
97 4723 165 4776 nass
180 4725 288 4778 11111111
300 4731 419 4787 1111101111
431 4719 460 4771 111
473 4715 557 4770 ΗΜ
573 4713 659 4779 Μ’
672 4711 754 4764 ¹⁸⁰⁰·
769 4712 837 4763 ‘¹¹¹¹‘
848 4706 975 4761 mm·
1026 4724 1102 4815 agi,
1128 4721 1190 4818 qni
1206 4717 1407 4810 eripiuntur
1428 4716 1580 4809 publicis
1602 4713 1872 4785 calamitatibus.
1924 4711 2013 4780 Τετ-

43 4806 82 4866 tn
96 4808 144 4862 Pro
160 4811 203 4862 n·
219 4809 276 4864 otc.
294 4807 390 4860 veruta
407 4805 436 4856 tn
452 4797 775 4855 intentamente
791 4797 875 4850 noue
891 4805 976 4859 pree-

70 4879 117 4928 tn
131 4883 194 4930 runt
210 4877 414 4931 summotis:
432 4875 509 4938 outa
519 4872 596 4925 sata
612 4869 697 4922 ettad
712 4868 822 4934 [acne.
1025 4895 1230 4914 ...-...--

46 4959 438 5086 ιιέἇιιιςίιέᾱίὲιιέυἳὲᾱίἕὲσὴηίο
454 4961 536 5009 notae
552 4954 695 5032 rdscrlpto
711 4955 777 5004 sunt
795 4951 880 5004 verbe
892 4951 976 5001 unte·
1058 4991 1107 5052 ⁴⁷)
1126 4987 1197 5054 qnod
1213 4988 1257 5048 tu]
1275 4983 1318 5036 ⁸¹0
1333 4981 1419 5040 mm·
1437 4981 1531 5045 pm,
1550 4981 1644 5048 Μ’,
1680 4977 1766 5031 mg
1784 4977 1873 5046 pm,
1890 4977 2013 5034 mm

48 5109 84 5178 ⁴⁵)
98 5117 151 5168 ¹⁸⁰
166 5117 354 5182 ‘mmm'
371 5116 400 5166 ⁶²
423 5111 477 5164 '¹¹¹⁰
493 5105 636 5173 ”Em
652 5106 687 5157 ⁸³
702 5101 787 5156 ΗΜ
804 5101 892 5166 Μ’
910 5098 978 5150 ¹⁸⁶⁵
1060 5057 1218 5222 oppam
1235 5155 1278 5207 ιι.
1294 5155 1343 5206 ua.
1363 5153 1440 5204 iseo.
1458 5153 1487 5202 a
1503 5148 1553 5202 nr.
1572 5150 1676 5214 orum
1712 5147 1799 5200 naret.
1818 5145 1905 5210 ruo..
1923 5144 2011 5208 1141..

49 5186 444 5332 “blizerlrlllbltlff'ttttt
459 5262 610 5326 perierunt.
1095 5229 1189 5348 ἃ,
1201 5222 1425 5350 ιίῶῗθὶςὲδῗῑ,
1450 5219 1659 5273 Ιῦθῦ-Ιῠθθα
1692 5215 1783 5272 xvn.
1805 5213 1905 5277 (Mlti.
1924 5213 2012 5276 tun,

51 5349 88 5410 li)
101 5355 250 5418 uelint]
267 5353 308 5404 rto
322 5351 375 5404 ce.
391 5349 487 5416 tm,
508 5347 594 5400 wtt.
612 5341 703 5410 tm,
721 5341 798 5399 tw.
815 5339 977 5408 negligent,
1172 5329 1182 5364 ’
1269 5327 1297 5346 '⁰
1349 5324 1381 5343 ‘⁸

75 5421 116 5470 u
134 5423 205 5473 tm.
222 5422 374 5487 negligunt.
1058 5401 1108 5463 40)
1124 5401 1157 5462 s]
1174 5397 1202 5448 tn
1218 5397 1269 5448 Ed.
1289 5393 1363 5445 ttae.
1382 5391 1471 5443 deest.
