4648 5794
89 169 152 244 los
202 166 324 245 mur
360 168 669 252 memsam
692 172 770 256 rr,-
783 171 987 250 sutona
1011 173 1061 252 m
1086 175 1233 256 ansa.
1259 177 1373 256 rau.
1400 169 1485 260 om
1508 185 1598 265 un.
1615 187 1674 266 xa
1698 192 1772 272 ur.
1786 201 1963 277 es-co.
2013 203 2089 280 coo
2174 142 2180 148 ⁸

77 345 157 436 quod
184 291 293 414 nimis
321 341 479 415 breviter
500 343 699 438 scripserit.
766 346 837 418 Sed
857 347 1048 440 praecipue
1100 359 1160 420 tur
1190 351 1235 420 ab
1266 353 1450 426 occasione
1481 359 1675 447 scribendi,
1716 367 1837 442 addita
1862 381 2086 454 excusatione

75 446 250 536 respondet
280 445 327 514 ad
355 447 521 517 fiduciam
544 446 650 518 Bruti
670 450 717 519 de
737 451 982 544 recuperanda
1006 450 1051 528 li-,
1099 451 1283 524 brevitatis
1303 455 1516 532 litterarum.
1567 461 1736 538 Narratio
1761 474 1920 546 continet
1941 480 2085 554 brevem

73 549 214 630 bertate,
253 569 363 639 quam
384 571 421 618 se
444 547 573 619 obnixe
595 551 823 622 defensurum
847 552 1047 644 pollicetur.
1099 555 1280 645 quandam
1295 553 1606 649 adhortationem,
1632 567 1689 637 cui
1709 572 1854 644 additur
1873 579 2085 670 pollicitatio

73 647 201 718 luitium
214 641 452 720 hebetiorum
464 652 919 737 debrevitatelitterarum,
938 675 1046 747 quam
1098 654 1142 724 de
1170 679 1233 725 sua
1265 657 1446 749 diligentia
1472 662 1511 732 in
1528 663 1642 737 Bruto
1666 676 1935 763 persuadendo,
1974 697 2014 752 ut
2039 689 2085 756 ad

73 774 102 818 se
113 748 242 818 imitari
259 748 356 821 dicit.
406 749 545 824 Deinde
568 767 621 824 cst
642 755 843 848 propositio
867 755 1046 848 principa·
1098 779 1287 828 commune
1302 761 1434 832 bellum
1453 765 1585 839 veniat.
1641 766 1739 842 Loco
1763 779 1999 854 conclusionis
2020 810 2084 876 po·

71 851 120 935 lis,
143 851 240 944 quod
255 865 429 942 repugnet
442 854 616 926 servituti.
666 853 769 926 Hanc
783 857 940 928 breviter
962 880 1045 926 eon-

70 955 173 1022 firmat
189 977 210 1022 a
225 952 378 1024 minore.
429 951 469 1026 ln
487 958 556 1028 fine
581 969 726 1044 monet,
758 973 799 1032 ut
823 957 1045 1054 aliquamdiu

69 1051 206 1125 in‘ltalia
224 1067 381 1126 maneat.

299 1222 438 1295 Aliud
465 1239 789 1317 argumentum.

154 1359 399 1453 Responsoria
413 1373 466 1436 est
486 1364 531 1431 ad
549 1366 822 1455 praecedentem
843 1361 949 1434 Bruti
970 1363 1044 1456 epi-

61 1461 203 1546 stolam,
227 1462 268 1531 in
281 1486 353 1557 qua
367 1475 511 1548 monet,
536 1477 578 1534 ut
591 1465 690 1536 lectis
704 1465 832 1537 litteris
846 1466 966 1538 statim
983 1466 1043 1536 de-

59 1577 166 1652 ponat
182 1587 328 1635 ornnem
345 1577 493 1638 metum.
543 1565 741 1638 Exordium
760 1567 914 1638 sumitur
926 1590 948 1637 a
962 1568 1043 1638 bre-

60 1665 162 1736 vitate
176 1666 378 1738 litterarum
392 1666 517 1751 Bruti,
545 1693 652 1763 quam
663 1667 735 1766 ⁹⁶⁸)
757 1669 894 1740 imitari
913 1670 1041 1742 studet.

56 1765 222 1840 Narratio
239 1769 397 1840 continet
411 1770 705 1862 significationem
727 1771 867 1842 timoris
890 1772 1042 1865 depositi

65 1884 91 1939 et
106 1873 438 1966 comprobationem
457 1873 616 1958 consilii,
649 1875 748 1968 quod
767 1874 814 1944 sit
836 1888 1042 1946 moraturus

65 1971 219 2045 initalia.
279 1971 321 2046 Ιο
342 1976 412 2046 fine
437 1989 489 2048 est
512 1976 656 2070 obliqua
672 1973 895 2063 adhortatio,
920 1976 1040 2047 addita

65 2076 326 2148 confirmatione
343 2079 570 2170 accipiendae
587 2079 758 2170 pecuniae
774 2105 795 2149 a
811 2091 949 2151 senatu.

298 2245 438 2317 Aliud
469 2261 799 2340 argumentum.

155 2379 352 2450 Exordium
393 2383 437 2452 dc
474 2381 649 2452 brevitate
685 2383 886 2454 litterarum
923 2381 1041 2466 Bruti,

62 2505 163 2574 quarn
194 2483 329 2552 imitari
360 2485 490 2556 studet.
559 2484 727 2579 Sequitur
760 2485 1041 2557 narratiuncula.

59 2581 192 2654 Deinde
206 2587 254 2654 ad
268 2585 376 2654 finem
392 2610 503 2680 usque
526 2588 674 2677 ponitur
696 2587 880 2679 responsio
904 2587 1041 2660 littera·

58 2709 133 2754 rum
149 2687 272 2770 Bruti,
304 2688 425 2758 addito
442 2689 602 2763 consilio.

212 2907 397 2982 Scholia
431 2911 477 2978 in
510 2910 752 3002 epistolam
780 2907 887 2980 XXV.

155 3062 186 3156 ξ.
206 3068 240 3137 1.
267 3068 473 3154 humati
488 3057 593 3159 milei]
615 3059 813 3132 Exordium
828 3060 925 3157 exoe)
942 3085 1041 3132 occa-

59 3167 152 3238 sione
166 3167 357 3240 scribeudi.
431 3169 526 3237 Scito
541 3158 730 3261 tytturfflss
757 3165 940 3238 Narratio.

350 3331 743 3428 Argumentumoe).

155 3469 365 3540 Hortatoria
397 3483 450 3541 est
478 3472 524 3539 ad
550 3467 802 3538 vindicandam
827 3471 1040 3545 libertatem.

61 3567 250 3643 Exordium
268 3585 407 3643 constat
426 3571 610 3643 occasione
626 3571 823 3658 scribendi,
848 3585 884 3643 et
901 3597 1041 3645 excusa-

62 3673 151 3744 tione
170 3675 367 3745 brevitatis.
427 3673 595 3768 Sequitur
615 3676 711 3745 nuda
730 3676 950 3767 propositio,
985 3675 1041 3747 cui

65 3775 221 3849 adiicitur
244 3776 380 3870 aliquid
405 3780 448 3846 de
471 3776 639 3846 accersito
654 3775 770 3845 Marci
782 3777 887 3846 Bruti
907 3779 1042 3870 praesi-

65 3876 136 3962 dio,
174 3894 216 3952 ut
242 3875 399 3948 hostium
427 3877 595 3948 violentia
621 3900 664 3946 eo
687 3877 790 3948 citius
812 3879 1041 3970 reprimatur.

65 3974 99 4047 ln
111 3981 179 4053 line
194 3993 247 4054 est
260 3981 447 4074 praecisio.

295 4145 437 4220 Aliud
468 4141 800 4241 argumentum.

159 4283 354 4381 Obliquum
368 4285 527 4356 continet
542 4281 850 4368 adhortationem,
877 4306 968 4379 quae
985 4309 1043 4358 su-

70 4387 169 4458 mitur
186 4411 206 4457 a
221 4411 284 4480 spe
310 4387 492 4472 omnium,
524 4411 587 4458 seu
607 4388 850 4480 expectatione
872 4389 914 4456 de
928 4386 1042 4459 Bruto

70 4501 98 4556 et
111 4489 262 4574 Planco,
287 4491 385 4584 quud
399 4490 471 4562 sint
485 4489 597 4560 futuri
613 4489 778 4558 acerrimi
799 4505 1044 4582 propugnato-

68 4609 115 4662 res
130 4591 302 4672 libertatis
318 4605 442 4663 contra
457 4591 669 4664 Antonium.
719 4589 916 4663 Exordium
935 4593 1044 4664 sumi-

94 4836 160 4904 esa)
179 4837 275 4900 qum]
292 4834 334 4887 ue
351 4837 429 4887 reos·
445 4833 531 4888 resa.
551 4831 645 4899 taes,
665 4831 755 4900 sarx,
774 4833 868 4900 οη,
899 4835 950 4888 ru.
969 4835 1045 4888 rasa.

95 4918 216 5110 οοΞΞξ
232 4989 274 5108 qe
290 4987 376 5041 auc.
395 4985 601 5054 aser-talc,
619 4985 713 5054 roua,
732 4985 824 5052 roam
853 4987 939 5038 rue.
960 4989 1046 5056 sess,

202 5095 210 5111 .
227 5070 244 5111 tt
263 5094 271 5109 .

96 5147 146 5208 91)
163 5145 219 5196 Pro
242 5143 285 5194 uu
308 5141 363 5195 cic.
388 5141 482 5193 verbis
505 5139 533 5191 ln
557 5139 642 5196 nutet.
663 5141 755 5202 tata,
784 5141 858 5192 taso.
882 5141 944 5194 huto
965 5143 1048 5193 notae

133 5213 257 5278 praefixe
273 5214 339 5262 suut
355 5210 563 5262 antecedentia:
586 5211 649 5276 Bao
667 5213 772 5262 autem.

99 5301 146 5360 w)
165 5299 223 5351 ttoc
238 5297 429 5362 arguuentur
446 5299 475 5348 et
491 5296 545 5347 duo
563 5295 706 5359 sequentia
722 5297 757 5346 ab
773 5295 858 5350 nuc.
875 5297 962 5360 Μ,
981 5294 1049 5347 tuat

132 5366 249 5418 -tm
268 5367 442 5430 praebentur.
828 5406 834 5416 .

1097 857 1196 929 nitur
1211 862 1384 950 praecisio
1400 878 1435 934 et
1452 863 1550 938 iocus
1568 869 1613 938 de
1629 870 1803 948 brevitate
1819 881 2008 956 scribendi.

1341 1029 1481 1102 Aliud
1506 1053 1837 1128 argumentum.

1196 1159 1393 1234 Exordium
1425 1179 1607 1259 sumptum
1639 1185 1691 1243 est
1723 1177 1768 1245 ab
1791 1177 1974 1252 occasione
1996 1185 2082 1255 scri-

1095 1261 1213 1334 bendi.
1266 1263 1405 1337 Deinde
1418 1269 1579 1363 sequitur
1595 1274 1769 1350 narratio.
1826 1277 1868 1349 ln
1888 1282 1957 1354 fine
1978 1285 2082 1375 poni-

1095 1376 1154 1433 tur
1170 1367 1467 1454 correctiuucula,
1494 1395 1557 1443 seu
1569 1375 1743 1466 praecisio
1758 1381 1943 1457 continens
1962 1385 2080 1460 iocum

1094 1466 1138 1536 de
1151 1463 1366 1550 Laconismo
1383 1471 1497 1544 Bruti.

1228 1680 1453 1758 Scholion*
1481 1690 1526 1760 in
1552 1693 1797 1785 epistolam
1824 1703 1947 1778 XXVI.

1195 1834 1227 1928 §.
1246 1840 1279 1910 1.
1305 1841 1402 1937 lam)
1418 1849 1570 1917 maimo
1590 1869 1660 1918 meo
1681 1851 1813 1936 dolore,
1846 1852 1935 1954 etc]
1967 1856 2080 1930 Exor-
2153 1835 2155 1840 ¹

1092 1936 1191 2010 dium
1208 1965 1227 2009 a
1246 1943 1509 2030 consolatione,
1536 1971 1607 2041 qua
1621 1949 1698 2044 ipse
1711 1963 1845 2027 utatur.

1378 2113 1706 2206 Argumentum
1723 2119 1797 2216 ¹⁰⁰).

1194 2245 1342 2337 Saepius
1363 2262 1554 2319 monuerat
1574 2249 1708 2324 Brutus
1737 2268 1899 2329 senatum
1930 2264 1975 2331 ad
1998 2266 2080 2336 mit·

1093 2346 1241 2416 tendum
1253 2347 1450 2419 subsidium
1474 2352 1644 2424 adversus
1662 2352 1882 2444 Antonium,
1917 2388 1959 2431 eo
1982 2371 2079 2459 quod

1092 2459 1284 2532 metueret,
1326 2475 1372 2520 ne
1404 2475 1485 2522 suas
1516 2453 1609 2524 vires
1633 2453 1812 2530 Antonius
1842 2481 2079 2554 recuperaret.

1092 2548 1161 2618 Sed
1178 2575 1257 2619 cum
1273 2550 1451 2646 plerisque
1474 2555 1520 2622 ad
1542 2549 1634 2625 hanc
1653 2580 1730 2627 rem
1754 2559 1935 2634 videretur
1947 2564 2080 2640 Brutus

1092 2648 1274 2736 timidior,
1300 2677 1380 2724 cum
1401 2653 1580 2728 Antonius
1604 2681 1679 2727 non
1703 2661 1897 2734 admodum
1920 2681 2080 2738 metuen-

1092 2753 1158 2823 dus
1172 2767 1273 2837 esset,
1298 2780 1373 2826 non
1385 2759 1504 2848 potuit
1520 2781 1539 2827 a
1556 2773 1682 2832 senatu
1696 2761 1901 2854 impetrare,
1928 2781 1968 2839 ut
1983 2795 2080 2840 exer-

1093 2855 1201 2924 citum
1216 2881 1319 2928 suum
1335 2860 1531 2929 maioribus
1547 2861 1658 2953 copiis
1672 2865 1841 2937 muniret.
1887 2867 2011 2963 ltaque
2026 2871 2081 2942 in·

1092 2953 1228 3026 tellecta
1245 2959 1495 3030 coniunctione
1512 2959 1662 3032 Antonii
1681 2977 1715 3034 et
1731 2964 1860 3058 Lepidi
1880 2987 2080 3045 commotus

1092 3056 1303 3150 indignitate
1323 3061 1456 3132 Brutus
1486 3057 1553 3131 hac
1584 3065 1734 3155 epistola
1765 3069 1946 3162 queritur,
1981 3077 2079 3168 quod

1091 3174 1235 3233 senatus
1263 3163 1331 3234 sibi
1361 3174 1455 3233 recte
1487 3167 1650 3238 monenti
1678 3192 1754 3236 non
1781 3175 1963 3260 paruerit,
1998 3200 2078 3245 cum

1092 3286 1187 3333 nuuc
1200 3288 1275 3334 non
1289 3265 1365 3336 sine
1381 3266 1542 3358 periculo
1556 3266 1606 3351 id,
1630 3271 1727 3363 quod
1741 3274 1923 3344 metuebat
1930 3274 1974 3370 ¹),
2001 3301 2079 3353 eve-

1091 3365 1197 3437 nerit.
1254 3367 1406 3438 Orditur
1427 3392 1447 3436 a
1468 3365 1645 3462 pathetica
1671 3373 1837 3464 querela,
1870 3399 1979 3470 quam
2005 3403 2080 3447 am-

1092 3469 1225 3560 plificat
1243 3493 1308 3562 per
1333 3466 1553 3565 σαρκασμόν
1566 3471 1609 3568 ¹).
1682 3473 1821 3546 Deinde
1844 3472 2011 3550 hortatur
2033 3481 2079 3550 ab

1092 3571 1295 3640 imminenti
1315 3570 1486 3663 periculo.

1332 3739 1474 3810 Aliud
1500 3756 1837 3832 argumentum.

1117 3933 1122 3942 .
1192 3871 1421 3946 Nuntiatoria
1440 3887 1475 3946 et
1485 3877 1679 3948 monitoria
1696 3892 1749 3951 est
1762 3879 1923 3973 epistula,
1938 3897 2080 3976 sumptu

1093 4002 1135 4047 ex
1155 3976 1407 4047 coniunctione
1429 3976 1559 4072 Lepidi
1589 4005 1669 4052 cum
1690 3980 1862 4054 Antonio.
1928 3981 2079 4054 Orditur

1094 4091 1214 4149 autem
1232 4103 1252 4148 a
1269 4079 1512 4152 consolatione
1526 4105 1592 4176 per
1605 4083 1894 4169 translationem,
1916 4108 1987 4180 qua
2004 4086 2079 4178 ipse

1093 4194 1215 4254 utatur
1235 4181 1275 4250 in
1298 4177 1365 4252 hac
1390 4207 1507 4257 causa.
1565 4184 1694 4255 Postea
1715 4208 1782 4276 per
1804 4187 1985 4280 quandam
2007 4189 2080 4258 iro·

1092 4285 1192 4354 niam
1206 4297 1306 4356 taxat
1321 4285 1470 4356 nimiam
1486 4287 1748 4357 cunctationem
1767 4300 1921 4360 senatus.
1954 4288 2078 4384 Sequi-

1094 4400 1153 4458 tur
1173 4389 1290 4460 brevis
1313 4388 1475 4458 narratio
1494 4391 1539 4458 de
1557 4386 1683 4458 litteris
1705 4388 1820 4460 missis
1843 4392 1888 4458 ad
1904 4403 2079 4474 senatum,

1095 4491 1215 4559 addita
1233 4489 1426 4583 petitione,
1453 4501 1493 4560 ut
1515 4489 1608 4560 serio
1634 4489 1830 4561 deliberent
1855 4502 1889 4560 et
1912 4503 2020 4582 agant
2039 4493 2079 4562 in

1095 4605 1193 4663 tanta
1209 4615 1334 4674 causa,
1369 4591 1521 4661 maxime
1534 4594 1577 4662 de
1591 4592 1774 4664 mittendis
1792 4593 1992 4683 legionibus
2014 4619 2078 4687 per

1094 4694 1257 4766 homiues
1271 4692 1402 4762 fideles.

1097 4869 1305 4894 ..-·--··-!-'¹

1130 4965 1180 5025 99)
1198 4961 1249 5021 ln]
1266 4959 1316 5012 Ed.
1335 4957 1421 5012 orell.
1439 4958 1491 5009 tor
1507 4957 1588 5008 hebet
1604 4957 1685 5008 uncta
1700 4949 1848 5010 turturum

1132 5051 1196 5108 1⁰⁰)
1215 5049 1278 5166 lig}
1289 5046 1479 5163 ergqqaeptum
1496 5043 1525 5092 et
1541 5025 1594 5093 aio
1611 5041 1754 5106 mqneutla
1769 5042 1798 5093 tn
1814 5039 1897 5093 nette.
1912 5041 1996 5108 tm,
2015 5041 2082 5093 tm

1169 5119 1223 5165 -1
1279 5150 1287 5163 .
1305 5127 1354 5164 exe
1385 5126 1424 5162 ο.

1133 5201 1163 5268 ι)
1180 5199 1331 5260 metuebat]
1348 5197 1398 5248 ltd.
1417 5195 1492 5246 teat.
1513 5205 1610 5247 errore
1626 5195 1756 5259 typogm
1788 5193 1933 5243 metueret.

1131 5287 1164 5349 2)
1180 5279 1360 5352 σαρκαομὸν]
1385 5281 1426 5332 elo
1450 5281 1502 5337 Ed.
1525 5279 1620 5346 16564
1652 5277 1737 5330 ruta.
1755 5275 1849 5340 lbdb,
1878 5271 1972 5340 idib,
2005 5275 2082 5331 1596.

1071 5405 1077 5426 ,
1168 5365 1349 5408 sarcasmum.

1383 5415 1469 5494 26*
