4548 5788
47 181 111 258 ιιι
157 174 307 252 xxnv.
344 175 572 280 nussam
596 175 860 254 oaarrours
870 175 898 252 1.
920 171 1264 252 nnsrosrnnnss
1285 172 1487 250 conces
1507 141 1949 252 saurocnousu‘
1976 175 2057 252 roo
2089 241 2092 248 .

42 377 95 447 ego
107 352 173 422 iam
184 351 352 423 adversus
365 349 456 424 alios
469 350 609 424 institui
623 351 839 424 orationem.
862 351 1008 422 Postrc·
1059 373 1169 445 qnam
1190 349 1306 422 multo
1330 362 1412 421 ante
1435 350 1695 422 condemnatus
1717 348 1779 435 sit,
1813 362 1849 421 et
1870 349 1944 420 iam
1967 349 2054 420 olim

39 481 105 538 mo,
142 453 244 524 etiam
266 451 374 525 unius
395 455 599 540 mentione,
633 455 764 550 reliqui
785 479 824 526 se
847 477 1008 524 commo-
1058 475 1214 545 poenam
1231 454 1435 546 persolvere
1453 441 1627 524 debuerit.
1679 452 1778 547 Quid
1801 454 1948 522 tandem
1972 476 2054 544 age-

37 554 317 630 netierisentiant.
367 556 493 652 Neque
507 583 594 645 vero
611 554 669 630 bic
690 559 886 641 excutiam,
918 579 1008 652 qua·
1058 547 1171 628 musi'
1199 567 1261 626 aut
1282 555 1465 628 dicemus?
1499 581 1542 626 eo
1567 567 1715 626 ventum
1739 569 1792 628 est
1815 553 2055 653 audaciaeff),

35 661 113 732 libus
131 660 288 731 moribus
308 674 383 730 esse
407 673 574 754 oporteat
604 685 684 746 eos,
723 661 787 756 qui
817 672 1007 753 tantopere
1058 670 1100 729 ut
1116 658 1277 728 aerarius
1295 659 1444 755 aliquis,
1471 659 1528 730 cui
1543 661 1623 730 foro
1639 659 1869 730 interdictum
1889 669 1942 731 est
1958 657 2056 728 voci·

35 765 235 834 delectantur
248 762 508 855 Aristogitone.
551 764 668 857 Cupio
685 765 782 834 euim
799 787 820 832 a
835 763 1006 834 conviciis
1057 761 1168 831 serari
1183 761 1221 830 in
1236 759 1394 847 iudiciis,
1425 762 1657 847 calumniari,
1685 761 1820 832 minari
1840 785 1917 832 non
1934 771 2056 832 cesset.

32 865 209 945 abstinere;
247 867 310 938 sed
333 860 403 938 hoc
424 865 650 939 dissimulare
672 891 750 938 non
771 889 938 958 possum,
976 865 1006 938 si
1059 863 1149 935 Cum
1176 875 1363 956 argentum
1386 863 1420 934 ei
1444 866 1570 952 duces,
1610 865 1739 960 quibus
1761 865 1799 936 id
1824 866 2054 965 commenda-

31 965 221 1060 simpliciter
237 991 402 1064 nequam
419 964 530 1041 homo
554 983 607 1042 est
620 970 865 1062 Aristogiton,
896 981 932 1040 et
954 968 1007 1038 vi·
1058 965 1210 1051 seratis,
1235 991 1312 1038 non
1328 967 1585 1052 reddidissent,
1609 969 1875 1041 vociferabatur
1895 991 1976 1053 eos,
2007 989 2054 1036 ne

30 1071 173 1140 rolentus
210 1070 467 1156 calomniator,
507 1073 685 1169 planeque
721 1073 823 1157 talis,
862 1072 1006 1166 qualem
1058 1069 1204 1166 quidem
1227 1071 1355 1161 dignos
1377 1095 1470 1156 esse,
1515 1071 1579 1164 qui
1602 1071 1732 1144 cloacis
1755 1074 2053 1165 praeficerentur3

29 1168 195 1264 perhiberi
207 1195 245 1242 se
261 1175 399 1258 studet,
425 1175 595 1266 permitto
613 1177 700 1260 tibi,
728 1188 767 1247 ut
784 1175 837 1248 tui
851 1175 1005 1246 similem
1057 1197 1125 1244 nec
1139 1196 1226 1244 vero
1243 1173 1340 1266 ipsos
1354 1174 1572 1244 contumelia
1587 1175 1733 1255 adiecit,
1759 1199 1843 1246 nam
1861 1198 1973 1269 parva
1992 1197 2053 1268 pe-

27 1276 178 1346 deiendas
192 1270 434 1361 Philocrates,
459 1300 526 1348 nec
549 1291 609 1364 tu,
640 1279 669 1351 si
688 1278 820 1374 reliqui
834 1278 928 1351 cives
942 1302 1006 1347 vo·
1058 1276 1164 1347 cunia
1187 1276 1347 1362 obiecta,
1376 1289 1546 1369 poterant
1566 1276 1600 1346 ei
1623 1301 1663 1348 os
1687 1278 1889 1360 obstruere;
1921 1279 1985 1350 sed
2007 1279 2054 1348 ad
2161 1297 2164 1302 ·

27 1377 90 1446 lent
110 1378 201 1469 leges
223 1401 456 1465 conservare,
490 1382 645 1453 multum
667 1381 906 1476 promoveris.
958 1380 1006 1451 At
1059 1391 1176 1451 vestra
1200 1379 1369 1470 suffragia
1394 1379 1612 1450 contumelia
1634 1379 1808 1472 pertinet,
1840 1381 1881 1449 in
1904 1403 1981 1474 quaw
1999 1379 2054 1449 in.

26 1503 94 1550 cum
116 1481 212 1552 velut
235 1505 351 1574 caupo
381 1482 624 1576 improbitatis
650 1497 837 1580 quaestum
869 1507 913 1555 ex
938 1482 1006 1553 im·
1057 1482 1157 1574 signe
1171 1483 1353 1576 specimen
1367 1483 1609 1575 improbitatis
1621 1507 1707 1554 suae
1722 1481 1852 1568 edidit,
1875 1482 2056 1575 legitimos

25 1594 239 1674 porturarum
258 1585 465 1658 venditione
488 1587 615 1672 faciat,
648 1600 685 1658 et
704 1601 879 1682 tanquam
897 1611 1005 1656 vena·
1058 1585 1286 1677 magistratus
1308 1583 1489 1670 lacerans,
1525 1585 1669 1678 exigens
1692 1585 1903 1679 pecuniam,
1935 1588 2056 1664 multi-

24 1684 111 1756 licius
132 1687 277 1773 omnia,
314 1712 407 1782 quae
433 1689 527 1782 agit,
564 1689 705 1762 venalia
734 1691 833 1762 ultro
862 1684 1006 1774 haheat,
1057 1687 1199 1781 pliciter
1212 1689 1376 1774 laedens,
1401 1688 1557 1784 denique
1581 1689 1754 1776 annixus,
1779 1703 1820 1762 ut
1841 1689 2056 1770 seditionem

26 1787 98 1882 quid
114 1813 195 1860 eum
210 1789 335 1871 acuis?
362 1813 448 1862 nam
465 1807 506 1864 ut
527 1791 703 1890 coquo⁸¹)
726 1790 816 1864 nihil
838 1803 891 1864 est
914 1817 1006 1886 opus
1058 1790 1273 1877 concitaret,
1300 1792 1459 1864 confictis
1474 1791 1572 1864 salsis
1594 1792 1743 1878 litteris,
1777 1804 1946 1864 ettotam
1968 1797 2055 1872 civi.

24 1891 123 1962 cultro
144 1905 290 1978 retuso,
329 1893 379 1965 ita
403 1919 470 1966 nec
489 1896 556 1968 tihi
576 1895 801 1988 Aristogiton
824 1895 906 1967 usui
929 1919 1014 1968 esse«
1057 1905 1181 1965 tatem·
1191 1896 1440 1988 perturbaret,
1466 1891 1581 1966 homo
1604 1897 1652 1966 ad
1675 1889 1745 1966 hoe
1769 1897 1885 1970 tactus
1908 1912 1943 1970 ct
1963 1903 2054 1975 scul-

21 2005 144 2084 potest,
168 1996 308 2068 volenti
319 2021 386 2090 per
400 2022 483 2070 eum
500 1999 592 2092 alios
603 2001 767 2084 laedere,
796 2023 878 2070 curo
899 2023 1005 2092 pecu·
1057 2009 1160 2090 ptus,
1185 2009 1226 2068 ut
1241 1998 1280 2068 in
1295 1999 1397 2068 omni
1419 1998 1493 2068 vita
1517 1998 1596 2070 aliis
1617 1999 1875 2073 incommodet.
1925 2001 2056 2080 Videte

20 2095 71 2164 uia
85 2098 211 2170 abduci
230 2123 252 2170 a
269 2111 304 2170 te
319 2101 365 2170 ad
378 2101 702 2193 praevaricandum
718 2101 844 2196 possit.
893 2101 1007 2197 Atqui
1058 2100 1174 2186 enim,
1200 2125 1281 2172 cum
1301 2100 1374 2173 sint
1395 2101 1537 2174 circiter
1551 2101 1616 2172 XX
1630 2101 1745 2172 millia
1761 2102 1914 2192 civium,
1940 2109 2055 2182 nemi·

20 2194 97 2269 nihil
112 2201 244 2274 attinet
259 2195 419 2296 exempla
434 2205 501 2275 tibi
516 2205 686 2288 recitare;
711 2218 796 2278 sunt
821 2204 918 2276 enim
939 2205 1005 2276 tibi
1057 2225 1140 2274 nem
1165 2227 1240 2275 esse
1262 2217 1351 2298 puto
1376 2203 1415 2273 in
1436 2199 1514 2288 his,
1553 2203 1617 2300 qui
1644 2227 1719 2275 non
1747 2219 1884 2278 certum
1905 2209 2056 2308 aliquod

19 2315 104 2374 nota.
169 2303 372 2378 Meministi
393 2307 667 2408 Hegemonisffl)
692 2309 891 2393 actionem,
924 2308 1005 2394 scis,
1057 2306 1242 2399 negotium
1265 2302 1416 2391 haheat,
1449 2321 1512 2379 aut
1530 2307 1735 2402 publicum,
1770 2323 1834 2380 aut
1859 2311 2056 2404 privatum.

2078 635 2091 686 Ι

16 2405 107 2474 ntihi
120 2407 277 2500 pecunia
293 2424 515 2504 expugnatus
539 2412 714 2485 destiterit
734 2413 781 2482 ah
804 2413 1005 2484 accusando
1057 2410 1106 2494 At
1136 2405 1250 2504 hieu)
1279 2433 1356 2480 non
1385 2421 1503 2502 potest
1533 2411 1742 2496 nominare,
1785 2437 1894 2508 quam
1924 2429 2055 2505 artem,
2180 2425 2185 2430 ’
2252 2423 2268 2432 “

18 2505 186 2592 Demade;
231 2523 357 2604 postea
383 2527 426 2585 ut
456 2515 659 2607 prodiderit
692 2517 874 2611 quendam
909 2516 1006 2586 oleas
1058 2514 1157 2607 quod
1172 2512 1357 2604 negotium
1371 2513 1520 2604 dignum
1535 2514 1592 2582 vel
1607 2514 1781 2585 mediocri
1795 2516 1890 2604 cive,
1917 2519 1973 2590 vel
1989 2545 2055 2594 no·

15 2609 111 2685 rium.
162 2613 240 2687 Has
257 2639 381 2688 causas
397 2617 503 2688 initio
525 2619 665 2711 magnis
684 2617 902 2689 elamoribus
923 2641 1006 2711 age-
1057 2615 1123 2686 bili
1138 2627 1317 2701 exerceat,
1349 2640 1417 2688 nec
1432 2627 1596 2688 versatur
1610 2618 1685 2688 ullo
1702 2617 1741 2688 in
1757 2641 1886 2710 genere
1903 2645 2054 2718 occupa·

14 2714 84 2800 bat,
123 2728 160 2786 et
191 2714 422 2812 trihmpbans
443 2720 513 2792 sihi
533 2722 722 2792 victoriam
746 2722 1006 2814 gratulabatur,
1057 2717 1221 2806 tionum,
1248 2743 1342 2814 quae
1359 2718 1433 2791 sint
1449 2719 1580 2811 dignae
1593 2720 1689 2806 cive,
1714 2743 1791 2792 non
1815 2739 1955 2796 exercet
1976 2727 2055 2822 opi·

13 2819 174 2890 ctomnia
192 2845 337 2894 sursum
352 2845 395 2892 ac
415 2825 585 2896 deorsum
605 2824 645 2894 in
671 2824 904 2896 concionibus
928 2847 1006 2894 mo·
1057 2821 1198 2907 ficium,
1235 2847 1313 2892 non
1337 2823 1615 2914 agriculturam,
1648 2847 1725 2894 non
1747 2824 1845 2896 aliud
1867 2831 2054 2922 negotium

13 2944 106 3007 vens,
158 2924 371 2996 minabatur
401 2949 465 2997 reo
500 2928 715 3020 supplicium
747 2939 784 2998 et
817 2927 1005 2998 cruciatus.
1057 2925 1170 2995 ullum
1186 2921 1306 2996 habet.
1346 2920 1503 2998 'Nullam
1522 2927 1836 3014 consuetudinem,
1862 2943 1925 3003 aut
1944 2933 2056 3005 socie·

13 3023 131 3096 Postea
151 3051 238 3098 curn
252 3027 311 3098 ille
337 3029 603 3114 absolveretur,
635 3043 756 3102 mutus
779 3043 874 3110 erat;
908 3053 1006 3100 acce·
1058 3038 1168 3098 tatem
1185 3028 1302 3114 vitae,
1327 3029 1384 3098 vel
1406 3030 1608 3100 officiorum
1634 3053 1716 3100 cum
1734 3029 1808 3100 ullo
1825 3056 2056 3108 communem

12 3131 219 3218 peratenim
240 3135 444 3223 pecuniam.
501 3131 543 3204 ln
567 3134 794 3204 accusatione
804 3132 1006 3218 ,Democlis
1057 3126 1183 3210 babet;
1225 3132 1288 3204 sed
1309 3130 1443 3202 incedit
1466 3157 1532 3226 per
1552 3133 1673 3202 sorum
1701 3155 1765 3203 ceu
1791 3135 1914 3227 vipera
1923 3137 1971 3235 εθ)
1993 3153 2056 3210 aut

12 3253 112 3322 quam
135 3234 269 3304 callide
293 3234 560 3328 praevaricatus
582 3237 649 3309 est!
683 3237 877 3308 Praeterea
896 3237 1006 3308 innu-
1058 3235 1220 3327 scorpius
1235 3247 1357 3306 exerto
1372 3234 1516 3321 aculeo,
1544 3260 1652 3331 quem
1674 3231 1744 3306 huc
1768 3249 1876 3333 atque
1898 3240 1982 3312 illuc
2001 3243 2055 3312 vi-

10 3356 101 3404 mara
117 3337 212 3422 alia,
241 3361 335 3432 qnae
348 3335 440 3409 mihi
453 3338 596 3410 difficile
611 3353 663 3412 est
677 3341 905 3424 meminisse,
939 3339 1006 3409 tibi
1057 3337 1160 3422 brat,
1193 3349 1229 3408 et
1253 3338 1544 3433 circumspectat,
1577 3337 1635 3410 cui
1656 3340 1792 3410 malurn
1816 3339 2057 3432 machinetur,

8 3437 146 3508 notiora
162 3452 270 3525 sunt,
297 3443 361 3536 qui
377 3450 508 3514 'earum
525 3443 708 3514 actionum
726 3444 886 3536 exempla
905 3443 1007 3512 domi
1058 3465 1167 3536 quem
1182 3441 1273 3510 falso
1288 3442 1437 3512 crimine
1454 3441 1656 3536 opprimat,
1683 3441 1740 3515 cui
1758 3453 1933 3517 terrorem
1956 3449 2056 3522 incu-

10 3543 224 3635 transcripta
249 3538 382 3629 habes,
415 3545 542 3617 solitus
566 3547 600 3615 ei
623 3569 771 3638 operam
796 3559 896 3616 tuam
920 3570 1006 3616 ven·
1058 3545 1145 3628 tiat,
1170 3555 1211 3614 nt
1226 3543 1309 3614 inde
1324 3545 1514 3636 pecuniam
1531 3545 1727 3636 exprimat,
1754 3569 1820 3616 nec
1844 3549 1920 3618 adit
1942 3551 2056 3621 ullam

8 3643 101 3715 dere.
151 3645 337 3733 Proinde,
362 3647 394 3718 si
413 3648 493 3742 quis
512 3648 621 3718 talem
644 3649 792 3741 suscipit
812 3649 1007 3718 desenden·
1058 3646 1097 3715 in
1109 3647 1199 3716 urbe
1214 3647 1450 3730 tonstrinam,
1478 3661 1542 3717 aut
1557 3645 1801 3739 myropolium
1819 3662 1883 3719 aut
1898 3651 1986 3723 alias
2003 3656 2057 3724 of&

6 3745 109 3832 dum,
142 3749 175 3821 is
193 3760 231 3820 et
246 3774 330 3821 suos
343 3751 466 3843 prodit
481 3763 516 3820 et
533 3763 662 3822 natura
687 3775 768 3820 cum
791 3750 896 3820 bonis
919 3750 1006 3822 viris
1058 3749 1202 3832 licinas,
1236 3748 1355 3820 nullas
1384 3749 1683 3832 necessitudines,
1725 3772 1800 3820 non
1823 3751 1931 3822 fidem
1952 3755 2057 3848 pensi

6 3847 236 3923 inimicitiam
252 3851 410 3936 exercet,
436 3853 506 3924 nisi
518 3865 623 3945 putat
636 3853 676 3922 in
690 3854 780 3922 urhe
796 3854 894 3922 velut
910 3852 1006 3944 agri-
1057 3846 1186 3934 habet,
1212 3873 1288 3922 non
1304 3851 1547 3922 communicat
1561 3852 1746 3937 beneficia,
1771 3878 1848 3924 non
1864 3857 1949 3928 colit
1967 3861 2057 3930 ami-

5 3954 78 4024 cola
109 3981 241 4027 semen
270 3970 306 4026 et
332 3957 491 4026 radicem
515 3955 674 4049 aliquam
698 3950 1005 4049 sycophantarum
1059 3952 1237 4049 citias00),
1266 3977 1343 4024 non
1360 3967 1498 4026 caetera
1514 3957 1695 4027 honorum
1710 3957 1872 4028 virorum
1889 3961 1960 4030 ulla
1978 3965 2056 4034 osli-

5 4057 285 4153 relinquendam
305 4084 392 4130 esse.
443 4058 580 4130 Verum
598 4059 635 4128 id
653 4083 719 4131 nec
735 4054 926 4129 honestum
942 4071 1006 4143 est,
1058 4056 1111 4126 cia
1129 4069 1299 4149 praestat.
1352 4059 1421 4130 Sed
1438 4083 1518 4128 cum
1537 4055 1592 4130 his
1612 4063 1795 4145 versatur,
1820 4085 1900 4131 ιιιιιι
1925 4065 2056 4158 quibus

5 4181 64 4229 nec
85 4164 216 4255 pium3
250 4160 487 4256 nequeenim
508 4161 664 4232 maiores
687 4161 850 4232 existimo
872 4161 1004 4234 iudicia
1058 4161 1213 4254 pictores
1228 4162 1368 4254 lingunt
1383 4162 1504 4254 impiis
1517 4187 1558 4234 ac
1574 4161 1755 4234 sceleratis
1779 4185 1853 4234 esse
1881 4189 2057 4239 commer-

5 4267 256 4350 constituisse,
289 4277 330 4337 ut
349 4264 432 4336 talia
454 4278 620 4358 portenta
647 4263 699 4335 ihi
720 4266 906 4358 saginetis;
943 4266 1006 4335 sed
1058 4264 1153 4334 cium
1170 4267 1267 4357 apud
1282 4265 1435 4352 inferos,
1461 4286 1541 4336 cum
1558 4265 1666 4351 diris,
1694 4292 1774 4337 cum
1792 4267 2058 4360 criminatione,

5 4382 174 4454 econtra,
203 4363 532 4440 utcoherceatisae
549 4367 726 4461 puniatis,
752 4383 786 4440 et
802 4393 847 4438 ne
871 4369 1006 4461 impro-
1059 4367 1215 4450 invidia,
1248 4367 1444 4455 seditione,
1478 4372 1720 4441 contentione.
1787 4369 1938 4444 Etcum
1964 4377 2057 4446 veri·

5 4467 92 4543 hitas
134 4471 208 4542 ulli
238 4470 340 4542 lucro
374 4472 449 4555 sit,
500 4483 564 4542 aut
597 4475 794 4565 expetenda
829 4471 1006 4542 videatur.
1057 4469 1174 4540 simile
1196 4469 1314 4567 sitm),
1346 4497 1392 4542 ne
1417 4471 1563 4568 quidem
1589 4475 1687 4566 apud
1708 4473 1841 4569 inferos
1855 4473 1951 4550 Deos
1972 4504 2057 4575 pro-

5 4571 142 4660 Porro,
170 4599 283 4669 quarn
300 4575 488 4647 difficulter
503 4573 664 4667 improbi
679 4572 1007 4668 coherceanturffl),
1058 4573 1168 4668 pitios
1184 4568 1393 4646 habiturum
1417 4601 1511 4662 esse,
1541 4579 1603 4649 sed
1626 4579 1671 4647 ad
1693 4577 1883 4652 sceleratos
1906 4597 2057 4679 propter
2160 4627 2168 4640 -

5 4689 118 4767 potest
141 4674 233 4747 hinc
254 4677 456 4748 coniectura
480 4678 578 4763 fieri,
612 4681 711 4775 quod
734 4705 815 4750 cum
832 4677 1007 4772 Aristogi-
1061 4735 1268 4750 ...........

5 4789 84 4851 tone
111 4777 239 4852 adhuc
262 4781 300 4850 in
322 4781 455 4854 iudicio
480 4785 760 4854 concertandum
781 4793 853 4866 est,
881 4796 1007 4876 quam-
1092 4816 1143 4874 57)
1159 4812 1306 4875 mmm]
1330 4812 1371 4864 ,10
1394 4812 1479 4864 gagg
1499 4813 1592 4876 terr,
1618 4813 1693 4868 Μ
1721 4816 1772 4874 (=
1789 4815 1868 4871 „m
1891 4821 2058 4890 mmm„

1128 4885 1215 4936 nuttt.
1236 4883 1331 4949 toea„
1350 4883 1443 4949 tota,
1464 4883 1658 4934 tata-1587.
1676 4883 1800 4937 audacia.

32 5024 84 5082 aa)
103 5022 218 5088 coquo]
236 5021 303 5072 ittae
320 5021 405 5072 notu.
425 5032 501 5072 roco.
1093 4971 1196 5091 ⁶⁸33&
1206 4969 1508 5104 ἐ·ῐῑὲῗοξῑῗὲῗῑιηῃ·’
1535 4968 1610 5024 ¹⁵⁴⁷·
1628 4973 1698 5023 ”⁰⁸⁸
1714 4973 1848 5042 milii*
1883 4974 1925 5026 Β*
1946 4975 2059 5042 Primi*

33 5126 85 5187 15)
104 5129 152 5178 De
180 5125 233 5176 boo
257 5127 371 5176 oratore
388 5123 479 5174 Attico
505 5119 627 5174 eiusdem
652 5123 785 5186 temporis
809 5125 882 5177 cont.
900 5126 1007 5190 Pauly:
1095 5127 1144 5186 59)
1163 5127 1197 5179 11,
1213 5125 1234 5180 t.
1259 5123 1287 5174 tn
1311 5123 1395 5175 nuttt.
1415 5123 1509 5191 tosa„
1537 5107 1731 5180 taes-1587.
1748 5129 1815 5178 uota
1832 5127 1965 5192 margin:
1991 5128 2059 5184 Arl-

70 5195 296 5256 Real-Eneycl.
316 5195 401 5245 ’1.111.
419 5207 444 5257 p.
460 5191 535 5242 1⁰92.
556 5205 598 5243 nr.
611 5193 638 5246 2.
652 5219 685 5232 ·-
703 5193 762 5242 lloo
775 5205 873 5245 nomen
889 5194 1006 5248 interut.
1129 5195 1235 5260 stoglto
1253 5194 1360 5256 vipera.

73 5265 177 5330 ¹⁵⁵⁹·2
203 5261 395 5315 1164-1137·
415 5261 441 5312 ¹¹¹
460 5261 585 5326 mergus
602 5261 747 5325 repensum
766 5265 817 5314 0⁸³»
1094 5283 1143 5342 so)
1163 5281 1386 5334 u.1.mnuu.
1408 5280 1500 5342 assa..
1520 5281 1615 5345 rosc,
1635 5281 1711 5334 rasa.
1735 5285 1802 5332 noca
1820 5279 1954 5348 morgan:
1989 5288 2058 5342 nra.

34 5367 87 5424 ss)
106 5367 192 5416 neec
212 5364 239 5414 n
255 5366 340 5419 ιιιιι.
356 5365 443 5429 asso,
464 5361 658 5416 resa-taes.
675 5361 705 5414 tn
725 5367 851 5431 sargus
869 5367 911 5419 ste
928 5381 1009 5434 raps-
1129 5351 1284 5403 uultures
1301 5351 1368 5411 (Et.
1388 5350 1464 5404 ¹⁵⁸⁷.
1483 5348 1655 5408 tmtttsrto.
1826 5391 1831 5399 .

73 5434 131 5485 tlte
150 5435 234 5488 sucat:
259 5435 380 5501 Improtl
397 5433 546 5485 difficulter
563 5433 752 5487 coherceatur.
828 5488 832 5494 ,
1095 5438 1145 5498 ct)
1165 5439 1198 5488 ll.
1216 5438 1235 5492 t.
1252 5436 1281 5488 Ιιι
1298 5436 1385 5489 uuttt.
1409 5436 1496 5497 ¹527..
1516 5437 1591 5488 1517.
1609 5438 1676 5488 note
1694 5434 1828 5504 margins
1852 5431 1954 5498 πάθος.
2072 5469 2077 5482 ·

1382 5547 1403 5626 ,Ι
1451 5501 1535 5576 500

5 4940 222 4958 *nn-...-
