4560 5792
32 181 95 264 esa
152 131 279 252 xxxt'
309 154 746 250 mmmno'untu
764 170 809 244 x.
823 154 1220 268 ‚msrtrortonou
1245 165 1546 246 omromm
1568 165 1881 268 eumanum.
1953 167 2033 249 oss

108 324 207 445 §.lh
231 352 321 422 Sunt
340 342 497 446 alis¹⁸)]
522 326 656 420 scilicet
676 370 891 443 synonyma.
941 343 984 418 In
1034 345 1185 440 perinde
1207 345 1334 416 videor
1356 344 1479 416 videre
1502 340 1615 430 mihi,
1653 365 1746 442 quae
1768 345 1910 420 Romae
1931 361 2030 442 gesta

25 457 105 552 eopia
131 447 384 525 observandum
415 463 487 536 est,
527 464 569 524 ut
594 450 676 524 sint.
694 473 895 546 synonyma
922 463 987 522 aut
1035 463 1119 522 sunt
1132 473 1176 520 eo
1194 461 1377 540 tempore,
1403 473 1485 520 cum
1502 449 1583 540 lego
1606 448 1776 542 epistolas
1797 452 1898 537 illas,
1931 453 2032 526 acsi

24 551 234 649 metaphorica
254 553 387 626 scilicet
408 577 630 648 synonyma,
668 567 705 623 ct
730 579 772 624 er
803 551 873 625 hoc
902 555 984 624 loco
1034 553 1109 622 iam
1123 553 1231 624 rebus
1246 551 1331 644 ipsis
1346 551 1565 624 interessem.

22 660 145 752 sumpsit
170 658 325 752 primum
351 655 485 726 librum
520 659 565 726 de
596 655 709 749 Copia
737 655 909 728 Erasmus
923 654 984 753 ²⁸).
1139 651 1171 747 ἓ.
1185 653 1247 730 24.
1273 659 1391 751 Neque
1404 659 1443 726 id
1456 651 1593 754 rtatim]
1619 657 1733 728 Addit
1746 655 1883 751 aliquid
1905 659 1950 728 de
1973 657 2031 730 io·-

22 767 94 840 llam
119 772 210 832 totus
240 759 304 830 iste
329 757 422 828 liber
441 761 486 830 de
512 758 626 851 Copia
646 773 753 830 natus
775 774 829 832 est
852 784 895 832 cx
913 755 985 828 boc
1035 758 1141 830 dicio.
1192 757 1347 829 Etiamsi
1363 758 1457 826 enim
1474 783 1585 850 genus
1601 758 1829 830 orationisiu
1844 775 2031 852 praestan*
2136 849 2146 856 ἱ

22 870 92 938 loco.
1034 861 1180 932 tissimis
1201 861 1308 930 rebus
1329 861 1546 953 probamus,
1586 873 1707 932 tamen
1727 875 1763 932 et
1783 887 1842 934 res
1861 877 1945 934 sunt
1967 865 2031 934 ob-

99 961 126 1055 §.
142 965 199 1038 12.
222 966 314 1035 Nam
331 957 415 1061 per]
448 959 636 1034 Interdum
659 963 829 1057 proprie,
871 961 984 1032 inter·
1034 965 1241 1036 servandae.
1294 962 1456 1034 Ciceroa
1479 963 1600 1056 pueris
1615 967 1831 1037 assuefactus
1846 978 1898 1036 est
1914 967 2033 1058 magis
2178 1023 2182 1034 „

18 1070 82 1140 lum
97 1065 456 1158 figureteloquimur,
481 1064 574 1136 sicut
588 1067 727 1159 primus
743 1066 837 1136 liber
849 1067 895 1136 de
912 1064 984 1136 Co·
1034 1067 1173 1137 Stoicae
1190 1062 1461 1159 philosophiae,
1486 1092 1595 1160 quam
1610 1068 1860 1156 Academicae,
1878 1065 1949 1138 hoc
1965 1083 2030 1156 est,

18 1167 207 1262 pia'Erasmi
222 1167 437 1238 docetidem
453 1169 608 1242 variare.
1034 1193 1140 1240 verae
1155 1165 1418 1262 philosophiae.
1470 1167 1625 1265 Ideoque
1642 1173 1752 1242 multa
1769 1171 1908 1242 suntin
1929 1172 2031 1242 Cice·
2108 1251 2111 1258 ,

97 1267 124 1360 ἓ.
142 1265 198 1341 15.
224 1273 295 1342 Sed
314 1281 352 1342 ut
377 1265 493 1368 copie]
526 1269 591 1342 Est
615 1272 714 1342 aliud
736 1282 983 1366 praeceptum,
1033 1273 1134 1344 ronis
1148 1266 1397 1364 philosophia,
1421 1297 1514 1366 quae
1529 1298 1606 1344 nou
1620 1287 1704 1344 sunt
1718 1273 1918 1365 probanda.
1965 1275 2030 1345 Se·

18 1397 74 1442 ron
87 1385 218 1444 tantum
235 1372 345 1441 verba
363 1373 570 1445 observabis
585 1375 624 1444 in
640 1375 807 1460 lectione,
834 1376 897 1446 sed
912 1397 982 1456 res,
1032 1397 1120 1446 neca
1138 1371 1248 1445 habet
1260 1375 1391 1447 multas
1404 1375 1520 1447 bonas
1533 1377 1665 1468 figuras
1679 1388 1715 1446 et
1726 1378 1941 1460 sententias,
1966 1379 2030 1448 sed
2071 1461 2074 1469 .

18 1487 42 1544 et
57 1473 126 1545 alia.
198 1469 373 1574 Paratur]
399 1475 534 1546 scilicet
546 1477 700 1569 legendo
715 1477 773 1546 vel
790 1478 984 1547 audiendo.
1032 1490 1118 1549 sunt
1131 1501 1247 1570 paene
1263 1480 1409 1548 confusa
1427 1490 1463 1547 et
1479 1481 1592 1549 multa
1608 1478 1686 1550 sine
1703 1480 1830 1552 ordine
1848 1493 2030 1572 congesta,

19 1573 164 1677 Mum]
176 1575 309 1646 scilicet
323 1577 542 1650 inventionis
557 1593 594 1651 et
605 1578 863 1673 dispositionis,
879 1577 983 1674 quasi
1033 1594 1210 1672 etparum
1229 1575 1478 1665 cohaerentia,
1501 1582 1593 1653 sieut
1607 1605 1729 1653 arena.
1776 1579 1926 1652 Interim
1946 1595 2031 1654 sunt
2078 1643 2085 1651 .

18 1678 138 1748 diecret:
163 1679 242 1770 plus
260 1680 382 1750 valent
396 1683 558 1773 exempla
571 1682 735 1754 lectionis
753 1707 862 1778 quam
879 1691 983 1774 prae*-
1033 1696 1069 1753 et
1096 1683 1136 1752 in
1164 1707 1207 1754 eo
1237 1683 1371 1754 multae
1400 1684 1575 1754 absurdae
1600 1696 1636 1754 et
1657 1684 1797 1756 Stoicae
1818 1685 2032 1770 sententiae,

18 1793 106 1872 cepta.
176 1779 366 1880 Exemplo]
392 1783 526 1854 scilicet
540 1809 633 1880 quae
647 1786 818 1878 leguntur
838 1785 896 1855 vel
920 1807 983 1854 au·
1033 1810 1127 1881 quae
1155 1786 1257 1858 nullo
1284 1788 1394 1857 modo
1421 1787 1631 1878 probandae
1661 1801 1755 1861 sunt.
1820 1787 2034 1860 Aristoteles

18 1881 155 1954 liuntur·
194 1881 372 1977 Exempla
387 1887 592 1978 potentiora
606 1902 710 1973 sunt,
737 1901 773 1958 et
786 1887 901 1980 magis
917 1888 983 1957 do·
1032 1889 1102 1960 suit
1116 1902 1241 1960 acutus
1258 1901 1293 1960 et
1309 1891 1480 1980 diligens,⁴
1506 1892 1569 1962 sed
1596 1893 1773 1984 quaedam
1793 1891 1968 1986 relinquit
1989 1891 2031 1960 iu

17 1997 85 2068 cent,
107 2007 210 2079 quam
230 1985 331 2080 ipsae
347 2001 453 2060 artes.
508 1986 730 2089 matrerm]
751 1990 886 2062 scilicet
900 2013 983 2060 cum
1033 1993 1223 2064 scribendo
1239 1993 1446 2086 imperfecta
1470 2004 1507 2063 et
1527 1994 1653 2064 mutila
1675 1994 1712 2061 in
1737 1995 1943 2080 sententiis,
1977 1993 2030 2064 itu

16 2101 171 2179 praecepta
186 2085 261 2160 boc
277 2089 491 2176 effecerunt,
523 2105 565 2162 ut
579 2093 734 2164 aliorum
750 2093 911 2186 exempla
927 2091 983 2160 iu·
1033 2107 1075 2168 ut
1090 2096 1192 2165 oneri
1207 2097 1349 2168 cessisse
1363 2095 1435 2167 dici
1448 2097 1581 2188 possit,
1606 2120 1683 2166 non
1701 2109 1754 2167 est
1772 2096 2033 2188 indiligentiae,

16 2190 102 2280 telligi
127 2191 278 2282 possint.
401 2197 527 2280 motor
559 2191 725 2294 ostendit]
768 2195 984 2280 Discrimen‚
1033 2198 1098 2270 sed
1112 2211 1243 2270 natura
1259 2200 1373 2270 factus
1388 2210 1441 2270 est
1457 2200 1502 2268 ad
1519 2199 1628 2270 breve
1641 2197 1785 2268 dicendi
1800 2223 1924 2292 genus.
1956 2199 2033 2268 lati-

16 2304 109 2360 uuum
121 2293 164 2364 sit
181 2293 363 2367 efficacius
377 2296 517 2390 legere,
550 2321 599 2367 an
617 2299 756 2372 audire.
813 2297 864 2371 Es
887 2299 984 2370 lebet
1034 2302 1116 2372 nius
1137 2314 1190 2372 est
1212 2316 1337 2374 acutus
1361 2315 1395 2372 et
1417 2301 1547 2374 brevis.
1608 2301 1812 2397 Utrumque
1835 2314 1888 2372 est
1909 2324 2033 2394 repre·

17 2393 90 2465 alles.
1033 2402 1285 2493 hendendum,
1326 2405 1412 2500 quia
1439 2403 1525 2474 facit
1548 2405 1753 2476 orationem
1773 2403 2031 2477 obscuriorem.

95 2493 122 2588 8.
140 2498 197 2571 16.
228 2502 315 2574 alliu
329 2497 425 2598 vero]
442 2500 496 2572 De
513 2501 669 2572 utilitate
683 2502 866 2574 audiendi.
904 2501 985 2595 Ego
1035 2509 1223 2602 Quaedam
1235 2522 1321 2580 sunt
1333 2510 1429 2579 bona
1446 2507 1486 2577 in
1502 2531 1566 2594 eo,
1591 2509 1654 2580 sed
1677 2507 1766 2579 vitia
1788 2507 1928 2580 facilius
1949 2507 2032 2578 imi·
2107 2576 2113 2592 ,

16 2597 223 2674 animadverti
242 2604 331 2674 etin
343 2627 401 2674 me
415 2603 493 2696 ipso
508 2603 593 2674 etin
605 2606 686 2677 aliis
701 2602 985 2704 (inquitPhilip-
1035 2625 1175 2696 tamur,
1202 2635 1312 2706 quam
1329 2613 1492 2682 virtutes.

15 2702 160 2798 pus)plus
176 2707 352 2800 prodesse
375 2707 496 2776 vivam
518 2730 666 2794 vocem,
700 2735 810 2807 quam
832 2721 985 2782 mutam.
1137 2712 1170 2808 §,
1183 2715 1247 2789 27.
1279 2709 1493 2811 Plurimum]
1520 2712 1688 2808 Quatuor
1708 2725 1940 2784 recensentur
1961 2711 2037 2782 uei.

14 2804 175 2907 dtioornt]
211 2807 373 2881 Auditus
403 2807 526 2879 omnia
553 2810 670 2884 docet.
753 2808 911 2911 Spiritu]
946 2811 985 2881 id
1034 2817 1152 2890 litates
1173 2818 1356 2890 carminis.
1419 2819 1545 2890 Prima
1567 2829 1638 2902 est,
1677 2817 1777 2912 quod
1799 2817 1928 2886 efficiat
1949 2839 2036 2907 per-

15 2919 68 2994 iti,
87 2911 167 2982 viia·
1034 2922 1146 2992 fectus
1168 2921 1435 3013 grammaticos.
1491 2920 1655 2992 Secunda
1677 2931 1749 3004 est,
1783 2921 1883 3013 quod
1905 2917 2037 2988 afferet

90 3009 119 3106 §.
134 3011 192 3089 17.
216 3017 269 3090 12»
285 3009 445 3115 lectione]
470 3013 526 3084 De
552 3014 707 3085 utilitate
729 3016 915 3101 lectionis,
949 3027 986 3086 ct
1036 3023 1178 3116 copiam
1199 3024 1240 3094 iu
1262 3024 1426 3099 diceudo.
1482 3022 1606 3096 Tertia
1628 3034 1699 3108 est,
1733 3023 1833 3116 quod
1852 3043 2035 3116 nusquam

14 3139 83 3214 quae
100 3119 251 3216 legenda
272 3120 357 3194 siut.
447 3113 664 3218 ceramitis]
694 3119 829 3193 scilicet
851 3144 984 3192 convo·
1035 3126 1183 3214 melius,
1208 3153 1319 3223 quam
1335 3152 1378 3198 ex
1394 3127 1564 3210 carmine,
1590 3125 1742 3218 intelligi
1757 3137 1921 3218 possunt,
1945 3124 2039 3218 quid

13 3225 88 3297 11111·
1035 3233 1108 3306 sint
1120 3233 1255 3324 figurae
1271 3244 1307 3304 et
1321 3230 1464 3302 venusti
1481 3243 1599 3322 gestus
1615 3231 1655 3300 in
1670 3229 1846 3302 oratione.
1890 3229 2034 3322 Quarta

91 3323 121 3420 §-
136 3327 195 3402 19·
234 3322 457 3426 1111111111]
491 3326 984 3424 011111111311111111.
1037 3347 1110 3420 est,
1149 3336 1249 3430 quod
1271 3359 1391 3406 mores
1423 3333 1534 3403 etiam
1564 3334 1656 3405 bunt
1683 3332 1768 3402 inde
1796 3331 1965 3404 meliores
1997 3342 2036 3402 et

12 3431 256 3520 quasidiceret:
284 3428 409 3502 Lectio
430 3454 507 3504 non
532 3433 638 3502 debet
661 3458 735 3506 esse
757 3435 889 3518 cruda,
921 3432 985 3503 sed
1036 3439 1271 3512 venustiores.
1333 3439 1487 3510 Carmen
1503 3448 1555 3507 est
1571 3437 1790 3510 destinatum
1807 3438 1854 3506 ad
1869 3434 2033 3530 aliquam

12 3529 81 3602 sicot
106 3535 228 3608 cibum
258 3557 512 3626 praemansum
541 3537 762 3608 traducimus
788 3537 828 3606 in
851 3548 986 3608 stoma·
1036 3567 1232 3638 pompam,
1259 3555 1294 3610 et
1315 3541 1476 3634 disputat
1489 3540 1697 3622 Fontanus,
1730 3538 1838 3608 finem
1863 3537 2034 3608 carminis

12 3627 114 3722 dum,
138 3639 188 3708 ita
209 3637 323 3709 etiam
336 3637 527 3728 legendum
546 3652 599 3709 est
612 3639 894 3731 diligentissime.
1039 3671 1113 3718 ease
1131 3643 1421 3718 admirationem.
1497 3635 1710 3736 hutonem]
1738 3639 1816 3709 Hoc
1840 3639 1921 3708 loeo
1945 3638 2036 3710 dicit
2139 3675 2142 3694 =

91 3736 121 3832 1·
135 3743 198 3816 2⁰·
228 3738 703 3841 sffllm‘liwmditdlmm]
727 3743 764 3811 id
781 3755 845 3826 111,
872 3741 986 3812 debeo
1036 3747 1170 3820 Fabius
1192 3751 1237 3817 de
1260 3744 1420 3838 legendis
1442 3742 1572 3836 poetis.
1672 3737 1848 3839 Spiritus]
1887 3765 1924 3813 es
1951 3766 2036 3816 mua

12 3833 154 3914 iuducere
170 3843 454 3916 sollicitudinem
470 3845 669 3916 scribentis.
746 3839 987 3942 medentur]
1039 3863 1138 3924 ernst
1152 3852 1228 3922 und
1242 3845 1381 3919 herlieh
1395 3846 1484 3939 scip.
1536 3846 1671 3916 Poetae
1687 3844 1785 3916 enirn
1808 3841 1945 3916 habent
1963 3871 2035 3932 res,

12 3945 94 4033 quasi
121 3947 279 4018 diceret:
321 3948 468 4042 quaudo
497 3946 585 4039 Iegis
619 3947 780 4042 aliquam
803 3946 988 4018 Ciceronis
1038 3955 1148 4026 verba
1166 3966 1203 4024 et
1217 3952 1376 4025 affectus.
1432 3947 1693 4021 Iucundissima
1717 3948 1903 4041 igiturest
1926 3951 2038 4022 lectio

12 4049 211 4136 orationem,
253 4051 362 4121 debes
385 4049 563 4142 cogitare,
604 4050 692 4144 quid
712 4045 881 4121 habuerit
904 4074 989 4120 con·
1038 4067 1261 4153 poematum,
1338 4059 1587 4151 Praecipueque
1598 4047 1705 4149 osted]
1731 4051 1786 4122 De
1801 4053 1998 4146 voluptate.

12 4145 82 4236 tilii,
113 4165 148 4223 et
169 4151 261 4248 quid
281 4165 322 4224 tu
343 4176 385 4222 ea
410 4155 454 4222 de
476 4177 516 4222 re
539 4151 701 4225 dicturus
720 4178 832 4240 esses,
867 4152 898 4224 si
923 4153 990 4222 tibi
1143 4157 1176 4254 5,
1190 4161 1254 4235 28.
1280 4152 1564 4255 Meminerimus]
1599 4154 1654 4225 De
1678 4153 1825 4227 iudicio.
1908 4160 2037 4230 Patro-s

12 4247 182 4328 dicendum
206 4268 272 4328 aut
291 4255 518 4328 scribendum
543 4270 645 4329 esset.
701 4255 858 4354 Q'uando
880 4254 991 4350 igitur
1040 4261 1150 4363 atam]
1185 4263 1289 4360 quasi
1310 4263 1460 4334 diceret:
1500 4271 1629 4352 poetae
1659 4271 1892 4345 excusantur,
1936 4260 2039 4355 quod

12 4343 100 4428 habes
123 4361 286 4455 aliquam
309 4358 513 4430 orationem
534 4361 628 4430 benc
649 4373 798 4446 notam,
830 4372 908 4430 turn
929 4361 991 4428 de·
1040 4369 1223 4439 interdum
1238 4379 1388 4439 utantur
1401 4362 1573 4433 inusitato
1590 4376 1720 4456 genere
1735 4363 1925 4448 sermonis,
1951 4362 2042 4457 quia

12 4453 58 4526 bes
77 4481 153 4532 eam
177 4461 371 4554 diligenter
391 4463 568 4556 relegere,
594 4474 630 4534 et
647 4463 788 4549 videre,
811 4461 899 4558 quid
914 4485 991 4532 ma·
1042 4470 1114 4544 sint
1136 4469 1273 4561 alligati
1294 4467 1400 4540 certis
1423 4466 1586 4560 pedibus.
1676 4469 1750 4538 Nos
1770 4460 1869 4564 vero]
1902 4465 2038 4538 scilicet

12 4557 87 4632 time
106 4567 153 4633 ad
174 4563 417 4635 imitationem
438 4567 566 4661 prosit.
626 4565 701 4636 Sub
729 4565 990 4637 declamatione
1044 4587 1206 4646 oratores
1223 4574 1389 4642 derebus
1405 4569 1506 4640 seriis
1521 4569 1635 4664 loqui.

12 4657 162 4767 intelligit
183 4669 466 4762 extemporalem
490 4669 697 4741 dictionem.
748 4669 901 4740 Homini
924 4668 992 4737 im·
1120 4755 1122 4762 y
1147 4672 1180 4768 ᾗ.
1195 4676 1258 4748 50.
1282 4675 1400 4770 Neque
1414 4667 1493 4771 epo]
1519 4671 1622 4768 quasi
1637 4669 1788 4741 diceret:
1815 4685 1939 4743 tamen
1957 4695 2040 4744 ora-

12 4767 111 4852 perito
138 4769 310 4842 videntur
337 4772 509 4865 epistolae
539 4771 723 4856 Ciceronis
750 4785 873 4844 mutae
905 4795 992 4857 esse,
1044 4781 1095 4852 tio
1123 4801 1201 4850 non
1233 4779 1340 4846 debet
1359 4799 1433 4848 esse
1455 4775 1645 4858 inornata,
1684 4776 1748 4845 sed
1770 4777 2039 4870 propemodum

12 4869 218 4962 qmignorat
237 4875 460 4947 conditiones
483 4888 688 4970 temporum
714 4887 904 4948 etstatum
924 4873 994 4945 rei·
1044 4904 1188 4979 poema.

12 4971 182 5062 publicae,
215 4999 291 5048 non
306 4991 427 5072 potest
449 4979 651 5072 perspicere
675 4978 889 5071 gravitatem
911 4999 995 5048 ora.
1149 4981 1181 5077 ᾗ.
1197 4983 1260 5056 a1.
1282 4975 1460 5078 Historia]
1485 4977 1541 5048 De
1555 4975 1707 5050 historia
1720 4980 1883 5074 legenda.
1916 4979 2042 5050 -Vete·

12 5067 104 5147 tionis
128 5089 165 5148 et
182 5079 462 5160 sententiarum.
523 5081 602 5175 Ego
627 5079 764 5179 (inquit
785 5077 995 5194 Philippus)
1045 5115 1103 5161 res
1124 5099 1246 5158 autern
1264 5080 1427 5156 historici
1446 5094 1530 5153 sunt
1549 5083 1851 5179 eloquentissimi,
1875 5079 1967 5154 sieut
1980 5079 2044 5150 Li·

15 5219 211 5250 ·-—---
726 5181 732 5191 ⁸
1046 5193 1126 5263 vius
1151 5186 1400 5261 floridissimus
1421 5198 1457 5255 et
1478 5185 1757 5279 copiosissimus.
1855 5179 2043 5284 mutan]

42 5321 85 5382 ts)
101 5329 178 5380 sm
199 5328 282 5392 atta]
296 5313 516 5396 mmm„
540 5333 619 5386 M
634 5333 733 5387 m,
748 5333 821 5388 ,gg
1049 5291 1152 5393 quasi
1176 5292 1330 5362 diceret:
1371 5291 1550 5386 quaedam
1572 5291 1678 5360 debet
1704 5309 1778 5358 csse
1807 5287 1922 5378 magis
1948 5285 2044 5358 seria

38 5419 81 5485 tt)
97 5425 178 5480 osne
195 5429 280 5485 aum
299 5430 385 5499 cm,
402 5433 526 5489 ηομ,
543 5433 610 5488 vo,
628 5433 705 5489 m
722 5447 751 5502 9,
764 5435 828 5490 ω,
845 5435 914 5490 ,042
929 5435 956 5493 ι,
1049 5396 1167 5471 oratio
1188 5396 1228 5466 iu
1247 5397 1328 5466 foro
1352 5405 1389 5464 et
1410 5389 1568 5465 rhetore.
1644 5383 2041 5488 scemmenstete

12 5501 185 5580 “mm
203 5517 316 5586 (terr.
346 5519 434 5588 vor..
448 5519 558 5587 ΠΗ.
1430 5493 1482 5568 te
