4696 5802
62 205 108 280 o
219 197 346 278 xxtu
395 193 707 276 susurrum
739 193 807 272 ar
839 187 1044 272 scrotn
1075 189 1127 272 tu
1157 189 1308 274 arur.
1339 161 1456 272 rsit.
1490 193 1579 272 uc.
1611 196 1703 279 tm.
1718 201 1746 280 1.
1781 203 1855 285 rr.
1879 209 1935 294 9.,
1995 207 2091 290 ‘so

60 375 210 450 omnium
235 371 738 470 flagitiorum'impunitatem
759 367 839 445 aliis
859 393 1040 444 concesse-
1092 393 1193 442 muru
1216 347 1256 442 id
1271 369 1424 464 gratim
1439 371 1602 446 cauma
1623 373 1856 476 etPompeii;
1888 383 2017 456 deinde
2041 387 2088 458 ob

60 493 145 552 runt.
199 477 381 576 Atquein
404 475 575 550 hocloco
596 477 745 570 paulum
767 475 966 568 digreditur
981 473 1040 545 Ci-
1092 471 1240 546 illorum
1254 474 1425 559 iniurias,
1452 474 1514 571 qui
1529 501 1750 574 quamquam
1766 485 1883 572 idem,
1909 491 2008 590 quod
2028 466 2090 560 Ci-'
2136 548 2143 565 ‚

59 607 149 667 cero,
172 583 329 656 multum
344 585 388 653 de
404 579 512 654 exilio
528 603 594 653 suo
612 591 648 650 et
669 579 867 650 amicorum
891 576 1039 672 perfidia
1093 599 1195 664 cero,
1219 576 1258 648 in
1272 577 1454 672 republica
1470 593 1723 674 sequerentur,
1747 599 1869 662 tamen
1884 591 2089 682 gaudebant

60 707 284 782 conquerens.
352 685 451 756 llaec
480 694 599 755 autem
622 682 745 754 omnia
765 679 934 752 accidisse
955 679 1042 750 dicit
1093 677 1301 751 Ciceronem
1323 679 1656 774 potentissimorum
1679 681 1871 763 bominum
1891 693 1975 764 odio
2006 711 2087 788 gra-

58 790 151 882 rulpa
181 788 434 882 improborum
456 783 668 870 bominum,
707 783 772 879 qui
802 781 1040 878 tenebantffl)
1093 782 1183 854 vari.
1219 781 1310 855 'Est
1332 796 1452 854 autem
1475 807 1615 855 summa
1639 781 1746 864 huius
1768 792 1856 880 loci,
1891 797 1990 891 quod
2009 823 2087 868 non

56 891 324 986 rempublicam:
362 916 399 964 se
422 890 532 983 igitur
553 887 657 958 facile
683 889 879 958 concedere
903 885 1040 980 aliquid
1091 883 1334 957 imbecillitate
1350 885 1483 969 animi,
1509 887 1794 981 auttimiditatc,
1829 898 1891 968 sed
1909 903 2087 973 constanti

58 994 222 1088 Pompeio
251 1007 289 1065 et
309 992 456 1068 casseu
483 990 589 1064 bonis
619 989 775 1075 civibus,
797 1006 900 1085 'quos
922 1000 1042 1083 speret
1092 986 1246 1073 iudicio,
1294 989 1397 1060 etin
1425 988 1579 1080 gratiam
1605 991 1773 1089 Pompeii
1799 997 1852 1068 illi
1881 1001 1927 1072 sit
1958 1027 2084 1074 recon-

57 1095 267 1189 rcipublicae
308 1109 441 1168 statum
481 1093 669 1166 meliorem
716 1093 920 1164 reddituros
967 1115 1040 1164 csse
1093 1091 1245 1164 ciliatus.
1604 1127 1606 1132 ⁸
2021 1119 2022 1122 ¹

59 1200 224 1272 nmmum.
276 1196 417 1270 Deinde
432 1206 693 1268 commemorat
708 1195 854 1282 Cicero,
877 1219 950 1291 quo
964 1193 1041 1264 ani·
1110 1225 1114 1238 ·
1192 1193 1364 1287 Epilogus
1389 1191 1548 1268 breviter
1577 1197 1708 1292 repetit
1735 1202 1892 1276 rationes
1922 1204 1978 1278 sui
1999 1231 2085 1280 cou-

57 1327 131 1386 mo‚
155 1313 349 1396 postquam
367 1303 411 1372 ab
425 1301 532 1376 exilio
554 1310 743 1372 revocatus
766 1312 841 1384 est,
867 1297 1040 1391 reipubli-
1092 1295 1184 1383 silli,
1208 1319 1272 1369 cur
1293 1303 1438 1370 cesserit
1461 1296 1631 1372 nonnihil
1654 1304 1699 1373 de
1722 1305 1872 1396 pristina
1896 1311 2084 1384 sententia.

57 1427 112 1475 cae
128 1405 274 1496 negotia
295 1403 521 1488 manaverit,
552 1402 651 1498 quod
676 1425 896 1497 quamquam
921 1423 1042 1494 spera·
1091 1398 1214 1469 Prima
1231 1410 1301 1485 est,
1326 1401 1425 1496 quod
1442 1403 1552 1475 tantis
1568 1403 1608 1473 in
1623 1406 1805 1499 republica
1820 1407 1906 1482 viris
1920 1435 1995 1483 nou
2009 1413 2085 1484 luc-

59 1520 176 1578 veruut
206 1507 406 1579 adversarii
435 1531 518 1578 eum
540 1506 694 1576 fractum
721 1503 827 1575 exilio
849 1501 1041 1575 abiectiore
1091 1503 1140 1572 rit
1156 1501 1374 1595 pertinacius
1388 1503 1646 1590 resistendum
1672 1512 1826 1580 secunda
1841 1535 1946 1584 causa
1967 1538 1989 1585 a
2011 1539 2087 1586 me-

14 1623 16 1628 '
59 1606 227 1682 animuin
242 1609 426 1702 republica
440 1621 666 1681 versaturum
683 1631 779 1693 esse,
804 1617 927 1677 tamen
949 1604 1041 1676 anti·
1092 1602 1170 1676 ritis
1186 1605 1348 1698 ipsorum
1370 1605 1410 1677 in
1430 1631 1485 1689 se;
1518 1609 1624 1679 tertia
1647 1633 1668 1679 a
1690 1611 1810 1685 frauis
1833 1615 2084 1689 coniunctione
2178 1689 2181 1694 .

58 1737 161 1808 quum
184 1711 566 1798 moremobtinuerit,
598 1711 718 1805 quoad
736 1709 855 1796 licuit,
887 1719 922 1782 et
943 1709 1042 1780 addit
1092 1719 1174 1779 'cum
1198 1707 1367 1790 Caesare3
1402 1721 1531 1804 quarta
1552 1712 1597 1782 ab
1618 1711 1759 1786 iniuriis
1782 1717 2084 1795 adversariorum.

56 1817 157 1886 etiam
174 1837 341 1901 causam,
373 1839 437 1888 ectr
459 1827 543 1910 post
565 1813 711 1884 exilium
732 1825 835 1884 tauto
859 1807 981 1882 animo
1003 1811 1042 1881 in
1092 1809 1258 1884 Tandem
1269 1811 1355 1883 facit
1366 1810 1491 1883 Cicero
1506 1810 1749 1909 apostrophen
1758 1815 1806 1916 ⁸¹)
1822 1823 1868 1891 ad
1877 1818 2084 1910 Lentulum,

56 1917 309 2012 rempublicam
325 1919 522 1992 accesserit.
573 1914 752 1987 Dicuntur
775 1929 894 1986 autem
919 1913 1039 1986 omnia
1092 1913 1131 1986 in
1147 1939 1217 2012 qua
1233 1915 1286 1986 illi
1300 1939 1364 1988 sua
1381 1915 1497 1988 officia
1513 1917 1639 1992 defert.

55 2019 137 2092 haec
150 2045 218 2114 per
232 2021 488 2114 digressionem
507 2019 710 2116 quandam,
735 2042 843 2113 quam
861 2017 1042 2113 suprain-
1397 2090 1407 2111 ‚
1459 2053 1462 2060 ·

56 2124 173 2196 stituit
237 2123 369 2196 Postea
391 2123 546 2198 instituit
568 2121 795 2194 collationem
823 2121 880 2194 sui
906 2121 1042 2194 reditus
1335 2089 1474 2166 Alffld
1506 2107 1840 2188 ‘ligamentum

58 2251 132 2298 cum
146 2225 361 2324 Metelliss),
387 2231 485 2324 quod
503 2225 719 2320 reipublicae
736 2249 928 2298 consensus
945 2225 985 2294 in
1005 2247 1041 2296 se
1194 2221 1292 2296 Haec
1309 2225 1458 2320 epistola
1473 2230 1579 2323 plane
1597 2243 1650 2302 est
1668 2256 1762 2302 nova
1783 2258 1804 2303 a
1828 2236 2085 2330 superioribus,
2161 2243 2164 2246 ’

57 2330 270 2400 restituendo
286 2329 449 2402 animum
465 2329 533 2402 sibi
548 2329 744 2414 addiderit,
777 2340 814 2398 et
837 2328 921 2400 iude
943 2327 1043 2398 colli·
1094 2349 1186 2422 quae
1204 2327 1443 2426 concinentffi)
1468 2355 1646 2402 summam
1672 2338 1853 2429 quandam
1873 2339 2086 2433 disputatio-

58 2434 105 2526 git
119 2455 161 2502 ex
174 2432 317 2502 minore
339 2434 386 2503 ad
405 2432 542 2518 maius,
576 2433 774 2527 quodcum
795 2430 870 2523 ipse
894 2427 1042 2502 honori-
1093 2455 1181 2501 num
1212 2430 1252 2501 iu
1278 2445 1404 2504 senatu
1431 2435 1475 2504 de
1495 2433 1642 2528 negotio
1662 2435 1919 2513 Alexandrino.
1976 2442 2087 2514 Prac-

57 2534 212 2606 liceutius
226 2535 273 2605 sit
287 2548 507 2621 revocatus,
520 2534 634 2628 magis
649 2533 755 2608 etiam
771 2533 894 2608 deceat
909 2557 946 2607 se
959 2558 1043 2606 con·
1094 2557 1175 2606 sens
1194 2546 1314 2605 autem
1335 2534 1485 2629 epistola
1511 2549 1673 2608 versatur
1698 2539 1737 2608 in
1761 2543 1916 2635 quadam
1938 2566 2088 2638 respon-

59 2636 183 2708 stantia
198 2650 234 2707 et
247 2639 459 2730 magnitudo
476 2639 601 2711 animi.
1094 2638 1195 2710 sione
1217 2650 1411 2731 perpetua,
1443 2641 1542 2735 quod
1556 2637 1730 2713 Lentulus
1751 2645 1945 2716 admodum
1969 2647 2088 2742 cupie-

149 2739 317 2810 'l'andem
341 2743 504 2838 sequitur
522 2742 688 2836 repetitio
717 2741 912 2837 superioris
939 2763 1044 2834 argu·
1093 2743 1158 2814 bat
1175 2741 1306 2812 certior
1319 2741 1409 2827 lieri,
1437 2767 1507 2838 qua
1521 2767 1561 2814 re
1575 2755 1695 2816 motus
1705 2743 1830 2816 Cicero
1847 2747 1892 2817 ab
1906 2748 1968 2819 illa
1982 2749 2089 2821 liber·

58 2843 182 2912 menti:
208 2842 372 2915 Mutatus
390 2857 443 2918 est
463 2857 575 2918 status
598 2847 833 2941 reipublicae:
867 2868 952 2937 ergo
978 2869 1043 2938 ego
1096 2855 1167 2915 tate
1183 2842 1222 2914 in
1237 2843 1397 2917 dicendis
1412 2845 1596 2918 sententiis
1619 2870 1688 2937 pro
1707 2847 1891 2938 republica
1913 2851 2089 2923 discessis·

63 2969 197 3040 qnoque
213 2944 345 3017 merito
359 2949 574 3020 sententiam
590 2963 711 3034 muto,
738 2973 785 3019 ne
810 2949 884 3018 vim
906 2947 1044 3040 patriae
1096 2959 1167 3030 set,
1194 2959 1229 3016 ct
1252 2947 1356 3042 quasi
1377 2947 1498 3028 omnia
1524 2947 1734 3019 concederet
1746 2947 1922 3044 Pompeio
1945 2967 1982 3024 et
2000 2954 2089 3026 Cae·
2184 2955 2186 2962 ’

62 3047 180 3118 afferre
212 3051 357 3135 videar,
390 3052 489 3147 quod
513 3052 620 3123 Plato
640 3046 839 3145 prohibuit.
904 3050 1044 3120 Deinde
1096 3049 1180 3120 sari.
1236 3045 1346 3132 Item,
1379 3071 1490 3142 quare
1514 3048 1700 3120 Vatinium
1721 3051 1959 3153 summumff)
1983 3083 2088 3128 suum

61 3151 154 3222 addit
166 3166 419 3246 argumentum
435 3155 584 3250 abutili
604 3167 640 3226 et
659 3153 833 3241 honesto,
866 3179 938 3249 quo
960 3176 1045 3247 pro·
1096 3148 1282 3221 inimicum
1306 3149 1495 3222 defendere
1522 3151 1705 3244 coepisset.
1771 3151 1869 3227 Haec
1899 3159 1983 3255 quia
2013 3185 2089 3232 non

58 3253 115 3322 bat
139 3279 246 3326 suum
277 3257 484 3338 consilium
526 3259 629 3353 quasi
649 3258 797 3329 diceret:
835 3255 933 3328 Utile
954 3251 1046 3326 mihi
1097 3256 1213 3328 solum
1225 3251 1440 3339 Lentulum,
1464 3255 1526 3325 sed
1542 3255 1631 3327 alios
1646 3255 1837 3351 plerosque
1854 3259 1971 3333 bonos
1992 3263 2090 3335 viros

60 3369 125 3440 cst,
150 3369 193 3428 ut
208 3359 402 3452 adiungam
418 3383 476 3430 me
492 3361 776 3453 potentioribus,
802 3373 838 3431 et
861 3373 913 3432 est
933 3356 1046 3431 hone·
1097 3357 1311 3440 movebant,
1337 3355 1461 3426 Cicero
1477 3357 1515 3426 iu
1530 3353 1597 3428 hac
1619 3369 1694 3428 tota
1715 3358 1865 3452 epistola
1890 3386 2013 3437 causas
2035 3366 2092 3438 sui
2215 3351 2223 3360 ¹

59 3471 147 3528 stum
173 3484 320 3555 quoque
344 3485 404 3535 eos
422 3463 545 3557 sequi,
578 3465 643 3559 qui
668 3487 744 3534 non
773 3464 889 3534 solum
919 3463 1045 3533 in'me
1098 3459 1237 3533 consilii
1255 3472 1532 3544 commemorat,
1557 3458 1682 3531 volens
1702 3455 1773 3532 hoc
1796 3467 1906 3536 modo
1928 3491 1965 3538 se
1985 3491 2091 3561 pror·
2186 3545 2189 3548 ,
2313 3548 2318 3557 ¹

58 3563 213 3632 munifici
237 3565 400 3650 suerunt,
430 3567 492 3638 sed
518 3565 626 3636 etiam
654 3566 911 3659 rempublicam
941 3566 1047 3636 rebus
1098 3588 1157 3637 sus
1177 3562 1331 3632 liberare
1354 3561 1455 3631 omni
1476 3561 1676 3656 suspicione
1698 3563 1959 3638 inconstantiae
1985 3594 2026 3640 ac
2048 3569 2092 3639 tia

57 3663 127 3735 suis
145 3665 252 3758 gestis
273 3666 471 3759 plurimum
493 3668 673 3741 iuverunt.
727 3669 837 3740 Aliud
859 3692 1046 3761 argumcn-
1098 3663 1282 3738 miditatis.
1342 3661 1541 3734 Exordium
1564 3678 1747 3757 sumptum
1773 3680 1826 3738 est
1855 3693 1876 3739 a
1907 3671 2093 3764 praedica·

59 3780 131 3838 turn
148 3791 169 3836 a
189 3766 351 3841 Caesaris
366 3794 450 3864 erga
465 3795 502 3844 se
519 3783 556 3841 et
567 3773 714 3842 fratrem
734 3771 987 3856 beneficentia,
1013 3783 1048 3840 et
1098 3768 1197 3839 tione
1213 3763 1321 3836 officii
1335 3765 1409 3849 sui,
1436 3768 1535 3860 quod
1553 3765 1704 3837 omnino
1720 3781 1906 3856 extenuat,
1926 3773 1968 3842 'et
1989 3773 2094 3870 quasi

14 3935 18 3956 ‚
60 3871 103 3938 ab
117 3870 228 3962 ipsius
242 3895 397 3964 persona
410 3897 451 3944 ac
467 3873 639 3965 dignitate
655 3874 812 3945 additur.
1099 3870 1237 3942 nullum
1272 3865 1450 3938 existimat
1483 3891 1570 3962 prae
1600 3869 1847 3962 magnitudine
1879 3875 2093 3948 meritorum
2153 3912 2161 3920 ·

156 3973 365 4046 Secunda
391 3997 474 4068 pars
497 3975 667 4069 epistolae
692 3988 764 4059 est,
797 4001 960 4046 curcum
977 3974 1048 4044 Va·
1099 3969 1264 4055 Lentuli,
1290 3982 1326 4040 et
1341 3971 1441 4042 addit
1456 3975 1782 4066 comparationem,
1810 3980 1907 4070 quod
1924 4002 2093 4072 praesens

60 4074 146 4146 tinio
161 4076 200 4147 in
217 4078 372 4168 gratiam
386 4079 553 4163 redierit,
581 4092 616 4148 et
630 4101 712 4148 eum
728 4078 937 4149 defenderit.
989 4078 1050 4148 Αι-
1101 4089 1222 4147 tamen
1241 4073 1442 4167 perspicere
1466 4077 1640 4168 potuisset
1659 4078 1881 4148 voluntatem
1903 4077 2094 4172 summam,

60 4177 125 4247 lert
147 4193 269 4250 autem
290 4181 379 4252 duas
402 4205 542 4254 causas:
574 4181 753 4274 primum,
787 4183 884 4276 quod
907 4179 1052 4252 Caesari
1102 4203 1143 4249 ac
1157 4176 1580 4270 studiumgconiunctum
1606 4178 1764 4271 primum
1781 4179 1820 4249 iu
1840 4181 1998 4256 dicendis
2015 4195 2094 4258 sen·
2177 4241 2191 4252 .

61 4280 254 4377 idroganti
271 4285 546 4377 gratificandum
569 4283 655 4368 fuit3
687 4284 837 4368 deinde,
868 4286 965 4380 quod
988 4308 1052 4353 vo·
1103 4279 1243 4363 tentiis,
1268 4279 1307 4348 iu
1324 4281 1633 4352 administratione
1647 4281 1882 4373 reipublicae;
1909 4287 2038 4358 deinde
2054 4279 2099 4358 in'

62 4381 164 4454 luerit
178 4386 318 4480 aliquid
332 4412 436 4480 aegre
452 4387 568 4458 facere
583 4387 706 4457 amicis
721 4386 850 4459 Clodii.
899 4383 1052 4458 Islocus
1104 4381 1274 4455 vexandis
1289 4393 1325 4451 et
1341 4383 1592 4475 oppugnandis
1607 4385 1832 4458 adversariis.
2095 4371 2113 4396 '⁸

64 4499 115 4558 cst
140 4491 378 4582 amplificatus
404 4492 567 4584 exemplo
598 4489 762 4561 Terentii
793 4515 835 4562 ex
867 4490 1052 4562 comoedia
1206 4484 1427 4558 Narratio
1454 4483 1632 4580 principio
1652 4481 1760 4557 habet
1776 4489 1921 4579 longam
1939 4514 2095 4563 comme-

63 4586 243 4664 Eunucho.
458 4656 460 4662 .
1105 4587 1345 4659 morationem
1373 4609 1458 4657 suae
1487 4589 1707 4662 constantiae
1737 4589 1776 4658 in
1796 4591 1953 4663 dicendis
1973 4593 2095 4668 liberis

161 4695 326 4768 Tertia
355 4694 711 4788 epistolaeparsest,
735 4719 896 4766 curcum
914 4692 1055 4780 Crasso,
1107 4689 1289 4764 sententiis
1303 4698 1386 4780 tpro
1414 4691 1608 4783 republica.
1678 4692 1876 4788 Postquam
1913 4696 2096 4770 restitutus

68 4809 185 4867 contm
209 4821 318 4892 quem
339 4797 379 4866 in
400 4810 528 4870 senatu
553 4799 708 4890 graviter
729 4798 877 4882 dixerit,
907 4797 1057 4868 redierit
1108 4807 1203 4879 crat,
1242 4793 1341 4886 quod
1364 4791 1551 4891 scilicetfl)
1573 4793 1612 4864 iu
1637 4794 1827 4882 omuibus,
1864 4801 2096 4893 quemadmos

68 4897 103 4968 in
126 4902 295 4992 gratiam.
360 4899 476 4970 Affert
506 4915 624 4972 autem
646 4902 721 4971 fere
751 4901 893 4972 easdem
921 4923 1057 4986 causas,
1107 4898 1195 4968 dum
1216 4895 1335 4966 decuit
1358 4896 1496 4966 bonum
1521 4895 1639 4968 virum
1664 4909 1700 4968 et
1720 4911 1901 4970 amantem
1922 4901 2097 4979 libertatis

69 5024 154 5094 quas
166 5027 276 5098 supra
290 5003 335 5074 de
349 5001 498 5074 Vatinio
512 5004 693 5097 exposuit,
719 5027 756 5075 se
781 5003 821 5075 id
840 5002 963 5075 secisse
984 5003 1058 5097 pri-

1141 5135 1191 5194 tt)
1208 5132 1409 5196 apostrophen]
1427 5130 1477 5180 tto.
1498 5127 1573 5180 tutu.
1595 5121 1790 5200 dnorrpcpsir.

1142 5239 1192 5298 tt)
1209 5234 1365 5296 conttuent]
1381 5235 1421 5286 sto
1438 5235 1489 5288 rc
1508 5233 1602 5300 tsts.;
1625 5233 1711 5285 rust.
1730 5233 1923 5288 root-tarr.
1942 5236 2072 5302 contluet.

103 5271 152 5332 Ε)
168 5271 328 5332 terrebant]
345 5269 387 5324 stc
402 5271 453 5324 td
474 5269 565 5339 tm,
590 5271 675 5324 Edttt.
690 5271 883 5324 toth-tm.
901 5273 1041 5325 tenebant

1143 5339 1193 5398 66)
1210 5338 1360 5396 sumntum]
1377 5333 1419 5386 sio
1436 5335 1486 5387 rt.
1506 5333 1600 5400 tudda
1624 5333 1653 5386 ln
1669 5332 1753 5384 nutet
1775 5331 1966 5386 litii-lm.
1983 5336 2072 5391 deest.

106 5375 155 5435 ὓ]
172 5375 205 5437 0.
227 5373 367 5426 maffia·
389 5375 520 5425 Metellus
544 5375 576 5426 1..
601 5373 622 5426 t.
644 5372 818 5440 Numidicus,
855 5376 888 5426 de
910 5386 963 5440 quo
986 5377 1060 5432 cont.

142 5441 239 5496 (tretltl
257 5446 287 5492 ει
305 5441 411 5495 murt
429 5445 571 5496 onomast
588 5443 708 5495 tullian.
726 5445 755 5496 P.
768 5442 803 5498 ll.
821 5455 847 5507 p.
862 5444 1020 5498 tot-tor.
1145 5442 1196 5502 st)
1211 5440 1336 5502 scillcet]
1354 5439 1394 5490 sie
1412 5438 1499 5490 tutte.
1521 5435 1728 5502 totu-tom
1751 5435 1800 5490 ltt.
1821 5435 1899 5488 tots.
1915 5437 2051 5494 videlicet.
2069 5445 2071 5452 ’

75 5525 251 5595 muru.
272 5525 383 5594 Orsa.
406 5527 494 5593 Vos..
514 5527 625 5593 xv11.
723 5611 725 5618 s
1488 5505 1513 5578 4
