4548 5788
261 179 338 256 sss
837 173 963 252 erun
992 171 1108 251 unu.
1139 171 1345 297 seems
1372 171 1715 274 ruuonocrcs
2172 183 2221 258 as

261 354 324 426 sed
354 361 676 442 rerumgestarum
698 347 861 420 narratio
884 347 1030 442 grandis
1051 361 1086 420 et
1109 361 1251 421 ornata.
1302 370 1341 421 se
1354 348 1400 420 de
1411 371 1502 442 rupe
1515 347 1657 422 deiecit.
1672 341 1676 346 ’
1689 347 1831 420 Octavo
1845 345 2160 436 annopostiuitiun
2171 352 2224 422 leli

258 453 313 526 Ac
326 453 431 525 facile
446 464 499 523 est
516 453 644 524 seriem
662 452 771 524 totius
786 451 1007 523 narrationis
1019 463 1139 522 mente
1155 476 1252 523 com·
1303 449 1414 536 sacri,
1446 450 1511 546 qui
1530 451 1599 524 luit
1622 447 1929 522 tertiusdecimus
1951 471 2059 520 annus
2076 451 2158 542 regui
2172 449 2225 524 Phi·

259 557 385 652 plecti,
411 553 494 650 quia
510 555 672 650 sequitur
685 568 888 648 temporum
902 554 1085 640 ordinem,
1111 568 1147 624 et
1168 577 1253 625 con·
1301 552 1414 648 lippi,
1445 576 1509 626 res
1539 553 1579 624 in
1600 549 1785 626 Thessalia
1809 551 1944 622 bellum
1965 574 2097 642 gerens,
2122 553 2161 622 ibi
2176 579 2224 626 cun

260 660 424 734 siliorum
446 657 705 750 expositionem
728 656 913 731 distribuit
931 656 970 726 in
991 670 1148 752 quatuor
1164 669 1253 728 tem·
1304 652 1541 728 Onomarcho
1553 655 1749 750 pugnavit,
1775 653 1838 750 qui
1861 655 1934 725 dus
1953 665 2027 724 erat
2040 650 2225 740 Phoceusiun,

263 787 368 860 pora.
1305 771 1342 830 et
1356 758 1432 830 acie
1446 757 1580 830 victum
1596 757 1853 852 strangularit;
1879 758 2037 828 nondum
2062 770 2161 826 tamen
2176 783 2225 850 pre

362 864 526 936 Primum
557 860 666 934 luisse
697 861 835 958 inquit,
883 886 962 934 cum
995 875 1078 954 post
1111 873 1253 954 captam
1305 885 1445 954 gressm
1462 861 1568 934 estin
1580 857 1778 933 Phociden.
1826 857 1967 929 Deinde
1981 882 2177 944 annonem,
2197 862 2227 929 si·

170 1003 174 1012 «
260 963 498 1061 Amphipolin
511 963 746 1038 Athenienses
768 989 894 1060 pacem
916 990 997 1038 cum
1011 961 1181 1058 Philippo
1204 963 1255 1032 le-
1306 964 1434 1036 delicet
1451 962 1511 1036 14.
1524 960 1706 1056 Philippi,
1731 989 1812 1034 cum
1827 959 1999 1056 Phayllus
2014 963 2079 1032 dur
2091 957 2226 1033 essetl'bo

262 1083 400 1142 cerunt.
449 1067 518 1141 llic
532 1069 583 1140 ait
602 1070 688 1139 dolo
709 1069 868 1141 exclusos
889 1092 964 1140 esse
986 1091 1005 1137 a
1028 1091 1116 1162 pace
1140 1078 1255 1136 caete-
1306 1066 1486 1152 censium,
1525 1066 1700 1160 processit
1726 1061 1916 1159 Philippus
1946 1065 2037 1134 intra
2065 1065 2166 1158 Pylas
2193 1069 2227 1136 sel

262 1195 324 1244 ros
347 1173 523 1256 Graecos,
565 1182 601 1242 et
627 1185 667 1252 ut
689 1167 879 1264 Philippus
900 1183 979 1242 tuto
1003 1171 1093 1242 alios
1117 1166 1255 1239 adoriri
1307 1167 1449 1240 auxiliis
1473 1165 1745 1242 Atheniensium
1767 1192 1951 1263 repressus
1972 1163 2060 1238 nihil
2080 1179 2149 1238 tunc
2164 1168 2228 1258 gessit

262 1288 403 1368 posset,
442 1287 479 1346 et
508 1299 555 1344 ne
575 1274 651 1366 ipsa
676 1272 800 1346 civitas
824 1273 942 1346 Attica
966 1272 1083 1346 socios
1105 1269 1255 1344 haberet
1306 1282 1510 1343 memoratu
1538 1272 1709 1366 dignum,
1747 1296 1789 1342 ac
1822 1269 1942 1344 statim
1972 1270 2012 1340 in
2044 1269 2227 1340 Macedonian

254 1377 375 1470 ullos,
404 1373 644 1472 siPlu‘lippns
666 1375 802 1448 violato
822 1378 969 1450 beders
989 1375 1125 1452 bellum
1144 1369 1274 1450 Atbe-.
1301 1399 1470 1448 serenas
1483 1374 1585 1448 duxit
1600 1373 1795 1454 exercitum
1809 1373 1848 1447 br
1862 1369 2067 1470 Thraciam.

262 1474 448 1551 niensibus
464 1478 624 1552 inferret.
675 1465 854 1550 Sedhanc
869 1493 981 1551 totam
1008 1478 1254 1550 narrationem
1408 1477 1516 1549 Anno
1540 1477 1667 1576 quinto
1690 1477 1830 1549 decimo
1847 1472 2029 1570 Philippi,
2059 1475 2116 1569 qui
2133 1476 2229 1543 initu·

262 1578 523 1656 Demosthenes
536 1582 750 1654 infitiatione
769 1584 913 1655 sennar.
959 1578 1256 1676 Negstseinter-
1307 1579 1524 1671 nusprimus
1537 1579 1764 1676 Olympiadis
1783 1579 1997 1653 centesimae
2013 1591 2161 1660 octavae,
2184 1599 2228 1644 con

262 1685 371 1758 hrisse
399 1685 557 1758 consiliis
587 1685 662 1757 eius
693 1685 865 1780 temporis
896 1688 940 1756 de
964 1711 1051 1780 pace
1073 1686 1256 1765 iacienda;
1306 1679 1509 1757 Phocenses
1524 1686 1615 1757 duce
1627 1681 1807 1756 Phalaeco
1820 1683 1959 1754 felicius
1973 1692 2128 1776 gererent
2138 1679 2229 1756 bellun

263 1801 371 1881 negat
396 1789 488 1862 ullas
515 1788 712 1882 legationes
744 1789 870 1861 missas
899 1790 1005 1860 fuisse
1030 1790 1076 1859 ad
1098 1800 1256 1860 caeteros
1308 1799 1344 1856 et
1371 1801 1590 1858 accerserent
1619 1785 1990 1859 Lacedaemoniorum
2018 1776 2229 1866 scrutiniis

263 1889 441 1978 Graecos,
462 1891 565 1986 illam
583 1891 691 1962 etiam
715 1915 840 1984 pacem
867 1890 1155 1977 civitatiAtticae
1175 1915 1257 1984 per·
1307 1889 1396 1962 bani
1416 1903 1548 1962 vocant
1565 1886 1775 1985 Philippum
1800 1889 2057 1972 Macedonem,
2088 1899 2120 1956 et
2138 1883 2229 1954 mnis

263 1993 438 2066 niciosam
454 1993 574 2071 luisse.
622 1991 670 2064 Et
686 1993 866 2067 interitio
880 2018 943 2068 sua
960 1995 1124 2066 oratione
1148 1992 1258 2066 recri-
1308 1993 1513 2066 societatem
1531 1994 1681 2066 faciunt.
1732 1991 1904 2066 Laetatus
1923 1987 1993 2066 hac
2013 1979 2230 2066 occasionel’li

264 2095 521 2182 minationem,
544 2098 643 2192 quod
658 2109 781 2190 postea
795 2096 923 2170 missus
939 2093 1133 2171 Aeschines
1145 2097 1184 2168 in
1206 2096 1258 2167 le·
1307 2096 1445 2188 lippus,
1470 2097 1679 2191 praesertim
1697 2121 1777 2168 cum
1804 2119 1974 2190 magnam
1988 2091 2172 2165 Thessaliae
2187 2111 2231 2180 prs

236 2198 408 2291 ..gerione
437 2212 628 2292 corruptus
659 2199 811 2292 pecunia
848 2201 986 2276 tardius
1022 2199 1258 2294 postulaverit
1309 2211 1393 2270 hm.
1410 2201 1585 2275 domitam
1608 2200 1682 2272 iam
1704 2211 1861 2284 teneret,
1893 2198 2086 2274 instructus
2106 2189 2232 2266 Thessalc

259 2301 514 2374 iusiurandum
550 2328 571 2372 a
602 2299 775 2397 Philippo
812 2302 957 2374 interim
987 2305 1093 2399 plura
1122 2305 1255 2398 oppida
1308 2326 1389 2372 rum
1414 2315 1450 2374 et
1464 2303 1704 2374 Macedonum
1724 2302 1903 2388 exercitu,
1936 2301 2039 2372 venit
2059 2301 2145 2368 intra
2162 2293 2232 2387 Pylas

263 2418 474 2498 occupante.
513 2401 642 2478 luserit
657 2419 777 2479 autem
791 2402 985 2481 Aeschines
999 2407 1039 2478 in
1054 2403 1124 2479 hoc
1136 2407 1257 2502 primo
1309 2429 1462 2500 cumque
1486 2403 1684 2478 Phalaecus
1707 2405 1883 2501 imparem
1905 2430 1942 2480 se
1965 2429 2040 2477 esse
2064 2402 2232 2471 videretur

263 2520 426 2602 tempore
453 2511 629 2602 quaedam
652 2502 840 2610 πάρεργα,
866 2511 1031 2583 videlicet
1045 2507 1258 2584 Demosthe·
1309 2508 1436 2582 validis
1450 2510 1581 2604 copiis,
1614 2535 1741 2604 pacem
1757 2523 1882 2605 petens
1896 2502 2234 2591 discessitinPelepu

262 2634 349 2681 nem
370 2611 535 2681 nuntiata
560 2623 677 2682 morte
700 2607 882 2706 Philippi,
915 2613 1070 2708 septimo
1092 2615 1151 2687 die
1175 2628 1259 2709 post
1309 2636 1447 2684 nesum.
1497 2608 1700 2686 Phocenses
1714 2612 1824 2707 igitur
1835 2611 1913 2684 sine
1930 2611 2122 2684 certamine
2139 2600 2234 2676 deditis

263 2725 419 2785 mortem
434 2713 533 2786 tiliae
540 2713 716 2811 prodiisse
732 2729 958 2809 coronatum,
976 2719 1139 2791 nondum
1154 2719 1256 2792 {inho
1308 2739 1392 2786 nem
1408 2717 1588 2802 lecenrrt,
1613 2717 1742 2816 quibus
1752 2720 1991 2812 ademptaest
2005 2738 2079 2786 non
2094 2710 2187 2786 solun
2202 2727 2234 2772 u

263 2828 428 2911 tempore
456 2808 587 2892 luctus.
650 2815 717 2889 llic
738 2819 919 2916 vituperat
940 2821 1054 2914 patris
1074 2819 1256 2896 levitatem
1309 2815 1596 2913 toritas'regeudi
1616 2819 1760 2914 templi,
1794 2816 1857 2892 sed
1879 2817 1990 2890 etiam
2011 2815 2163 2897 libertas,
2181 2803 2235 2879 muri

261 2920 385 2994 multis
407 2921 538 2995 verbis.
587 2919 724 3018 Estque
747 2917 806 2994 hic
827 2923 926 2996 locus
949 2923 1158 2996 aCicerone
1180 2925 1258 2998 lau·
1310 2922 1528 3016 oppidorum
1546 2923 1657 2995 diruti
1680 2935 1783 3009 sunt,
1809 2923 1915 2994 multi
1938 2921 2034 2994 cives
2054 2916 2141 3012 pulsi
2156 2907 2235 3008 pallis

262 3026 385 3096 datus:
421 3022 638 3122 Nunquam,
677 3025 815 3122 inquit,
853 3027 922 3098 erit
944 3041 1071 3100 orator
1092 3029 1258 3102 salutaris
1307 3025 1481 3122 reliquiae
1498 3027 1660 3121 inpagos
1676 3025 1886 3100 distributae
1907 3037 2011 3110 sunt,
2036 3037 2072 3094 et
2090 3015 2235 3112 impositus

263 3127 424 3221 patriae,
452 3127 515 3223 qui
529 3128 662 3199 liberos
676 3130 772 3214 odit,
798 3143 833 3201 et
847 3143 950 3224 pater
967 3133 1081 3204 malus
1097 3146 1161 3206 est.
1211 3131 1260 3204 Et
1308 3129 1505 3216 tributum,
1545 3142 1587 3202 ut
1616 3129 1810 3225 quotannis
1841 3129 2025 3201 solverent
2063 3125 2111 3197 60
2145 3120 2235 3192 taleni&

263 3229 327 3326 qui
341 3253 417 3299 nou
434 3244 573 3301 exercet
586 3231 756 3322 pietatem
772 3256 855 3324 erga
874 3259 957 3306 suos
972 3261 1013 3306 ac
1031 3235 1258 3322 domesticos,
1303 3229 1478 3326 ‚Philippo
1499 3234 1672 3307 traditum
1697 3245 1751 3306 est
1769 3232 1825 3307 ius
1843 3235 2001 3308 duorum
2021 3216 2234 3326 calculoruull

262 3355 451 3428 nunquam
467 3357 531 3404 vos
548 3334 722 3404 anteferet
735 3333 884 3421 exteris,
910 3361 976 3407 nec
999 3337 1061 3432 qui
1085 3338 1255 3430 privatim
1309 3333 1461 3406 concilio
1481 3332 1805 3431 Amphictyonico,
1843 3337 1942 3430 quod
1971 3347 2074 3408 antea
2097 3328 2234 3402 habuerant

263 3437 397 3532 praius
412 3447 484 3520 est,
509 3434 650 3530 publice
664 3436 782 3508 bonus
802 3437 882 3510 erit.
1082 3435 1083 3440 ’
1301 3433 1521 3510 Phocenses.
1573 3439 1917 3514 llicbuisluitbelli
1928 3437 2041 3521 sacri,
2067 3435 2233 3527 primosus

265 3591 270 3598 -
352 3537 522 3636 Sequitur
537 3541 732 3610 secundum
749 3554 903 3637 tempus,
917 3540 955 3612 in
966 3566 1039 3640 quo
1047 3540 1256 3614 brevissime
1301 3539 1532 3635 ‘Olympiadis
1549 3543 1655 3628 108„
1681 3555 1723 3614 ut
1736 3543 1867 3614 diserte
1889 3522 2235 3638 inquitPausauias'h

192 3736 195 3741 ‚
262 3643 303 3712 lit
317 3641 453 3713 mentio
470 3641 684 3714 calamitatis
699 3637 951 3718 Phocensium.
1003 3643 1055 3715 Ut
1068 3658 1189 3717 autern
1201 3641 1257 3716 hi·
1307 3643 1485 3738 rediitque
1499 3641 1688 3740 Philippus
1703 3647 1741 3718 ln
1758 3642 1984 3719 Thessaliam
2004 3643 2129 3716 omissa
2149 3632 2234 3724 rebem

262 3746 397 3817 sturiae
425 3745 533 3817 series
558 3744 733 3839 conspici.
751 3759 787 3818 et
813 3760 976 3842 tempora
998 3748 1151 3820 discerni
1166 3773 1257 3843 ,pos-
1306 3747 1471 3820 Graecia.
1506 3748 1705 3842 scripserat
1720 3748 1817 3820 enim
1832 3743 2123 3826 Atheniensibus,
2137 3731 2234 3830 utqnie

261 3846 355 3931 sint,
380 3847 505 3917 ordine
520 3849 784 3921 recensebimus
799 3874 925 3935 anuos,
947 3852 1077 3947 quibus
1093 3853 1257 3944 regnavit
1304 3862 1464 3936 scereut,
1490 3851 1554 3947 qui
1567 3865 1602 3923 et
1612 3852 1682 3945 ipsi
1698 3875 1823 3945 pacem
1840 3875 1921 3924 curn
1941 3875 1987 3922 eo
2011 3851 2163 3923 reserans
2198 3834 2234 3904 R*

261 3943 476 4044 Philippus,
507 3947 570 4044 qui
591 3973 612 4019 a
637 3947 802 4022 Diodoro
825 3952 858 4048 ¹)
881 3953 1072 4047 diligenter
1092 3955 1256 4026 annotati
1307 3953 1444 4048 liquam
1461 3953 1571 4046 igitur
1586 3951 1809 4030 Thessaliam
1827 3954 1958 4048 partim
1977 3951 2131 4033 domuit,
2151 3935 2232 4037 partio

262 4064 360 4126 sunt·
1305 4055 1512 4129 foederibus
1525 4057 1596 4131 sibi
1619 4058 1793 4134 adiunxit.
1843 4056 2081 4152 sequentibus
2101 4038 2233 4122 annisis

364 4148 554 4248 Philippus
577 4153 729 4224 Macedo
758 4178 908 4248 regnum
940 4152 1176 4228 Macedoniae
1204 4171 1256 4230 te-
1305 4159 1437 4232 boeam
1467 4161 1670 4247 constituit,
1704 4175 1740 4232 et
1768 4155 1985 4234 Perinthum
2016 4172 2053 4230 et
2077 4145 2233 4250 Byzantius

260 4256 344 4330 nuit
357 4279 471 4329 annos
486 4254 550 4332 24.
602 4257 709 4328 Sexto
727 4269 846 4331 autem
870 4259 971 4352 regni
995 4259 1126 4352 ipsius,
1158 4256 1256 4334 Pho·
1307 4261 1541 4354 oppugnavit.
1593 4262 1758 4360 Cumque
1772 4263 1948 4359 Byzantio
1962 4260 2092 4338 auxilia
2113 4251 2233 4326 miissffll

260 4383 384 4434 censes
404 4373 599 4432 moverunt
619 4382 758 4432 sacrum
779 4363 914 4433 bellum
936 4365 1025 4433 duce
1039 4359 1254 4452 Philomelo,
1305 4359 1561 4452 Atherdenses,
1600 4363 1790 4461 Philippus
1818 4365 1954 4441 destitit
1982 4369 2231 4460 oppugnareeall

251 4486 337 4555 'quo
365 4475 530 4558 tempore
552 4459 741 4560 Philippus
771 4468 933 4536 nondum
958 4465 1130 4538 Graeciae
1159 4468 1253 4538 bella
1305 4467 1453 4552 urbem,
1471 4481 1507 4540 et
1521 4493 1646 4561 pacem
1662 4495 1744 4542 cum
1762 4469 1907 4544 &accis
1919 4469 2014 4542 iecit.
2056 4445 2232 4538 Pessimi

249 4561 404 4650 dntnlit,
428 4569 491 4638 sed
514 4567 602 4638 alibi
616 4563 775 4661 Illyricos
797 4567 950 4641 domuit.
1001 4568 1171 4640 Refertur
1191 4595 1254 4662 au·
1305 4581 1364 4640 tae
1395 4569 1565 4667 utrinque
1597 4572 1812 4647 offensiones
1843 4572 2055 4646 inciderunt.
2120 4555 2229 4635 raudo

249 4676 335 4736 tem
349 4667 433 4737 belli
452 4670 544 4740 sacri
566 4669 708 4741 initium
733 4670 772 4740 in
795 4695 929 4743 annum
953 4670 1111 4764 primum
1126 4671 1253 4767 Olym·
1304 4697 1393 4744 vero
1407 4697 1504 4746 anno
1519 4675 1679 4748 tertioet
1697 4675 1885 4760 vicesimo,
1911 4675 1975 4769 qui
1995 4673 2063 4748 fuit
2081 4687 2176 4740 amus
2190 4667 2230 4726 let·

255 4767 379 4862 pistis
394 4766 483 4842 100.
497 4784 534 4840 et
551 4796 685 4844 sunum
702 4776 911 4847 secundum.
935 4773 1013 4847 Etsi
1027 4788 1145 4847 autem
1155 4772 1253 4847 Pho-
1303 4775 1375 4848 tius
1390 4775 1616 4871 Olympiadis
1634 4780 1723 4852 110.
1738 4792 1773 4852 ot
1786 4778 1885 4851 urbis
1899 4776 2038 4849 Romae
2058 4791 2157 4844 annu
2168 4751 2229 4874 tlt.

249 4890 383 4944 censes
413 4871 544 4943 ansilla
575 4871 756 4948 habebant
776 4873 1050 4949 Atheniensium
1082 4891 1118 4950 et
1141 4878 1252 4950 Lace·
1298 4891 1525 4972 postremum
1538 4881 1693 4966 bellum,
1716 4882 1761 4957 in
1780 4905 1854 4976 quo
1876 4881 1922 4952 ad
1936 4876 2161 4956 Chaeroneam
2179 4867 2228 4928 nu

121 4989 135 4998 “
247 4969 556 5059 daemoniorum,
581 4989 703 5050 tamen
721 4976 889 5051 Thebani
913 4981 1116 5076 superiores
1136 4995 1250 5069 crant,
1301 4993 1388 5054 sunt
1399 4980 1564 5058 Thebani
1578 4996 1617 5054 et
1628 4981 1865 5058 Athenienses
1878 5001 2010 5076 unguo
2025 4973 2163 5075 proelio,
2182 4979 2227 5037 ¹⁸⁰*

248 5077 378 5175 quiae
392 5079 583 5151 defendere
597 5083 770 5174 templum
796 5082 1017 5157 iactitabant.
1068 5071 1250 5155 Philome·
1301 5096 1378 5158 urm
1397 5099 1461 5160 est.
1512 5084 1745 5178 lptcryallum
1763 5086 1873 5180 igitur
1897 5087 1992 5163 inter
2013 5084 2169 5178 primum,
2183 5079 2227 5156 qus

191 5227 195 5236 ·
249 5181 314 5254 lus
334 5181 446 5276 igitur
465 5183 537 5255 dux
558 5177 772 5270 Phocensis,
804 5209 885 5282 cum
909 5186 986 5256 acie
1005 5187 1120 5261 vietus
1146 5199 1249 5276 esset,
1301 5200 1404 5258 antea
1414 5185 1604 5282 Philippus
1622 5192 1669 5263 ad
1685 5191 1942 5284 opprimendos
1951 5161 2227 5263 Phocensalh*

261 5343 468 5356 hum

249 5415 663 5488 mutuemus-sq.
754 5435 774 5492 Ν,
1267 5401 1268 5404 ‘
1333 5418 1626 5493 serenans
