4582 5798
43 223 143 330 not
294 245 401 324 nn.
446 218 848 324 mammiano
869 225 1168 322 omuoauu
1193 213 1580 366 ux'uuocrbmss
1603 175 1835 371 annom
1977 195 2117 316 aiot

42 423 160 500 omnia
191 433 254 494 aut
287 421 480 519 pleraque,
519 434 596 494 tum
626 445 714 493 vero
741 421 1034 516 Peloponnesum
1086 417 1196 490 dibile
1218 428 1271 489 est
1292 417 1412 501 enim,
1445 415 1643 513 quemlibet
1665 441 1730 491 sua
1749 417 1909 512 pericula
1929 415 2086 489 maxime

41 523 236 624 aggressuri
259 548 402 609 eramus
425 526 577 619 sumptis
601 527 686 600 inde
706 524 853 598 Graecis
874 522 1051 607 exerciti·¹
1087 534 1123 594 et
1139 519 1336 612 intelligere
1353 533 1388 591 et
1402 533 1573 598 metuere.

40 635 124 720 bns,
148 628 333 701 conductis
349 627 457 700 ctiam
472 629 637 702 barbaris
651 620 782 714 iberis,
806 640 852 700 et
869 625 948 699 aliis
959 625 1035 697 hel·
1097 649 1100 658 ’
1119 649 1124 656 ·
1189 621 1265 694 Iam
1282 637 1458 720 quantum
1475 624 1578 698 vobis
1593 621 1769 695 Deceleae
1790 619 1978 714 occupatio
2001 646 2087 715 pro-

40 731 273 808 tiroeinium·
316 729 472 805 Eamus
488 741 524 804 et
538 755 648 804 nares
663 729 875 804 labricbturi
890 739 1036 824 praeter
1085 726 1207 798 lutura
1240 726 1306 812 sit,
1345 738 1380 798 et
1410 739 1586 823 quantum
1614 723 1735 800 hostes
1764 724 2003 819 impeditura,
2045 737 2088 798 ut

40 850 196 922 nostras,
219 833 306 933 quia
322 833 426 906 ltalia
441 835 549 930 lignis
567 837 748 922 abundat,
782 829 917 932 quibns'
930 833 1035 904 Pelo-
1086 830 1201 900 multa
1219 829 1407 915 omittam,
1432 831 1626 925 praecipua
1643 853 1835 924 exponam.
1886 825 2032 923 Oppida
2050 841 2087 902 et

40 958 235 1036 ponnesum
250 937 593 1012 'circumsederemus
611 939 707 1010 etin
718 931 816 1010 terra
830 931 937 1009 urbes
951 943 1036 1030 pa'rs
1087 931 1194 1022 villae
1211 945 1394 1004 extructae
1407 933 1446 1002 in
1467 931 1618 1021 vicinia,
1641 933 1775 1028 partim
1796 943 1920 1026 capta,
1950 933 2086 1025 partim

40 1046 101 1118 tim
128 1042 167 1114 ri
188 1041 388 1135 capiendo,
427 1043 560 1138 partim
586 1036 1036 1134 dreumraliaadosperaa
1087 1037 1184 1111 ttltro
1206 1035 1309 1108 vobis
1334 1035 1596 1128 adiungentur,
1640 1049 1676 1108 et
1709 1035 1876 1108 amittent
1906 1033 1976 1128 ipsi
2000 1057 2086 1129 pro·

41 1150 163 1219 bamus
185 1155 254 1217 nos
273 1145 581 1242 laeilepotituros
604 1145 891 1240 Pelbpouneso,
916 1155 952 1232 et
974 1144 1050 1223 der
1088 1135 1215 1211 ventus
1237 1163 1279 1211 ex
1296 1137 1404 1238 ¹renis
1429 1139 1569 1234 argenti
1590 1153 1626 1211 et
1650 1165 1693 1211 ex
1717 1152 1833 1222 terra,
1870 1150 1907 1208 et
1929 1161 1972 1209 ex
1993 1137 2086 1209 iudi-

42 1251 122 1321 inde
136 1246 248 1321 totius
265 1247 439 1322 Graeciae
454 1244 870 1346 imperiumhabituros.
922 1240 1036 1316 Peen-
1089 1239 1178 1330 ciis.
1200 1237 1310 1313 'Socii
1327 1241 1436 1314 etiam
1453 1240 1574 1321 minus
1594 1235 1860 1325 transmittent,
1894 1240 1980 1335 quia
2000 1263 2087 1311 con·

41 1354 136 1426 niam
152 1363 187 1424 et
204 1351 428 1444 frumentum
449 1352 534 1445 ffljae
554 1353 667 1424 urbes
681 1347 1036 1447 suppeditatoraefl)
1088 1337 1251 1416 temuebt
1269 1345 1351 1431 eos,
1376 1370 1458 1417 eum
1474 1346 1655 1438 putabunt
1669 1369 1734 1417 vos
1753 1367 1895 1416 summa
1919 1366 1988 1441 ope
2011 1344 2088 1415 bel·

42 1463 159 1541 erant',
185 1458 277 1551 quas
292 1448 561 1548 domuissemns]
575 1461 720 1549 praeter
739 1452 1036 1552 bosprore'ntus,
1088 1441 1314 1542 luni'gerere'.
1364 1445 1416 1518 Ut
1432 1459 1552 1518 autem
1566 1448 1638 1518 cito
1655 1446 1792 1543 aliquid
1806 1449 1870 1537 fiat
1884 1445 1919 1516 et
1936 1447 2088 1543 integre,

2 1625 3 1628 ,
41 1553 497 1655 quoshlneexeg'issemns.
537 1551 1037 1653 Audiv‘lstisme51qnihaec
1088 1543 1278 1726 geneseos
1294 1542 1357 1623 esi.
1409 1549 1506 1624 Nam
1519 1563 1557 1622 et
1570 1551 1754 1645 possibilia
1770 1551 1925 1634 suadeo,
1951 1562 1987 1620 et
2003 1574 2088 1624 con·

42 1663 172 1757 optime
194 1659 291 1757 scio,
323 1673 581 1756 exponentem,
615 1659 736 1758 qualia
759 1659 1036 1756 'cogitaverimus
1111 1649 1159 1726 do
1177 1676 1387 1749 processura
1404 1677 1490 1726 esse.
2078 1723 2085 1746 ¹

41 1767 83 1838 de
97 1762 165 1836 hac
182 1765 313 1858 classe,
338 1765 486 1861 quaein
499 1765 786 1860 Siciliammissa
803 1777 867 1838 est.
923 1759 1037 1858 quue
1132 1751 1150 1764 ”
1174 1752 1271 1832 'Nec‘
1288 1756 1402 1827 debeo
1428 1757 1597 1851 cuiquam
1625 1755 1742 1827 videri
1764 1756 1941 1842 deterior,
1976 1756 2088 1849 quod,
2146 1805 2149 1812 ,

42 1871 143 1942 duces
158 1864 310 1964 reliqui,
336 1869 367 1942 si
380 1881 575 1962 poterunt,
588 1955 590 1962 Α
601 1867 767 1941 efficient.
1089 1887 1170 1933 eum
1184 1859 1224 1930 in
1237 1858 1355 1954 patria
1373 1857 1426 1930 fui
1441 1859 1536 1929 inter
1552 1884 1632 1946 eos,
1657 1857 1722 1954 qui
1734 1859 1836 1932 vobis'
1849 1855 2088 1930 inimicissimi

138 1967 246 2046 Nunc
261 1973 485 2067 cognoscite,
511 1973 582 2045 nisi
593 1995 705 2067 ,opem
721 1970 842 2056 fertis,
864 1993 941 2041 non
956 1970 1035 2040 fore
1087 1967 1253 2050 bierunt,
1277 1974 1363 2036 tunc
1378 1987 1458 2033 eam
1474 1962 1618 2034 fortiter
1632 1963 1793 2060 delendi,
1826 1987 1923 2034 nunc
1944 1959 2088 2060 fortiter

42 2073 175 2148 Siculos
190 2075 425 2170 superioresj
459 2073 538 2148 Etsi
550 2075 710 2170 imperiti
725 2084 810 2147 sunt
829 2073 884 2168 rei
904 2072 1037 2143 milita-
1089 2080 1215 2141 eontra
1233 2089 1313 2137 eam
1329 2066 1452 2138 tendo.
1477 2065 1554 2138 Nec
1568 2062 1856 2161 insuspicionem
1872 2067 1992 2141 oratio
2007 2088 2090 2141 mea

43 2179 88 2249 ris
103 2177 245 2264 Siculi,¹
258 2191 394 2264 tamen,
419 2179 450 2272 si
467 2191 592 2252 omn'es
609 2178 792 2250 coniuncti
807 2189 936 2262 essent,
957 2174 1037 2245 vin·
1088 2170 1212 2242 veniat
1236 2181 1397 2267 propter¹
1411 2167 1577 2256 exilium,
1616 2194 1696 2242 sum
1719 2170 1822 2258 exul,
1862 2174 1924 2243 sed
1946 2165 2091 2246 discessi

44 2269 180 2356 cuent?
221 2267 599 2378 Atsbliflspracusanss
627 2281 712 2379 quia
733 2293 768 2351 et
788 2280 928 2375 proelio
944 2275 1037 2350 ¹eieti
1090 2272 1345 2367 abimprobis,
1368 2271 1432 2368 qui
1449 2297 1507 2343 me
1521 2271 1721 2358 eiecerunt,
1753 2284 1790 2344 et
1804 2273 1936 2348 accessi
1948 2275 1996 2348 ad
2012 2294 2092 2365 vos,
2170 2341 2172 2346 ,
2215 2363 2217 2370 Ι

41 2385 450 2485 suntumverir‚et1am
466 2389 619 2458 natabus
633 2371 1038 2484 circumsessi‘iffjsunt,
1090 2390 1131 2449 ut
1152 2377 1255 2450 vobis
1279 2376 1436 2470 prosim,
1478 2375 1509 2448 si
1536 2370 1626 2446 mihi
1649 2376 1904 2454 auscultabitis.
1972 2373 2091 2470 Magis

43 2487 209 2559 exercitui
220 2479 496 2562 Atheniensium
506 2529 530 2576 ,1
543 2490 607 2588 qui
622 2503 729 2561 nune
740 2489 792 2562 ibi
814 2475 889 2574 est,
923 2486 1038 2580 impa·
1091 2479 1188 2553 enim
1202 2479 1311 2552 invisi
1325 2491 1421 2565 sunt,
1439 2502 1515 2550 non
1530 2479 1593 2574 qui
1608 2492 1715 2553 antea
1728 2504 1785 2552 me
1800 2480 1982 2557 laeserunt
1994 2501 2093 2554 com·

43 2609 98 2663 ret
114 2602 244 2664 erunt.-
272 2589 441 2665 haras
457 2594 488 2666 si
512 2593 694 2688 capietur,
727 2603 803 2664 tota
827 2590 948 2664 sistas
970 2588 1039 2661 erit
1090 2583 1250 2684 munitet
1267 2595 1308 2655 ui
1323 2578 1464 2668 h⁰³iets
1492 2583 1554 2654 Sed
1578 2584 1742 2679 quine,
1776 2609 1857 2658 cum
1877 2588 2015 2661 anilem
2037 2605 2092 2658 ⁰⁸·

43 2685 334 2782 amentissimo,
358 2697 445 2768 mox¹
458 2709 493 2768 et
511 2695 635 2784 ltalia,
648 2719 728 2769 nec
742 2697 870 2790 procul
885 2685 1038 2766 aberita
1091 2714 1186 2774 sem,
1234 2699 1430 2780 coegerunt
1457 2680 1599 2758 hostem
1629 2689 1719 2761 lieri.
1789 2687 1838 2762 Et
1858 2689 1921 2784 ,tbi
1952 2683 2093 2788 patriae

43 2793 375 2904 robispemculum,
399 2803 497 2895 quod
511 2801 686 2895 praediri.
732 2798 857 2893 Quare
871 2821 948 2869 non
960 2809 1039 2866 tan-
1092 2816 1239 2877 amans,
1271 2815 1347 2862 non
1370 2803 1411 2862 ut
1431 2789 1564 2862 iniuria
1588 2791 1767 2878 afficerer,
1804 2793 1866 2866 sed
1887 2807 1928 2867 ut
1949 2791 2094 2897 aequali

43 2913 117 2971 tom
134 2903 179 2971 de
193 2897 313 2972 Sicilia
330 2901 543 2975 deliberatio
558 2919 630 2990 est,
656 2905 717 2976 sed
743 2902 852 2972 etiam
876 2899 1040 2972 de·Pelo-
1092 2894 1170 2967 iure
1197 2919 1279 2967 cum
1303 2893 1439 2966 civibus
1462 2894 1634 2969 viverem.
1685 2895 1774 2981 :Nec
1800 2921 1858 2968 me
1880 2912 2007 2974 contra
2030 2919 2095 2990 pa·

42 3025 224 3096 pennoso,
255 3002 326 3076 nisi
350 3002 441 3076 baec
462 3006 533 3078 cito
553 3006 682 3078 facitis.
743 3003 900 3078 Classem
923 2998 1041 3076 isthuc
1093 2997 1202 3070 triam
1215 2997 1268 3069 irc
1285 2996 1427 3089 iudico,
1449 3023 1559 3095 quam
1572 3019 1671 3088 nunc
1686 3022 1762 3072 non
1778 2994 1915 3089 babeo,
1948 3007 2012 3078 sed
2036 3023 2093 3070 re·

41 3105 192 3191 mittite,
216 3106 256 3174 in
280 3129 352 3202 qua
373 3107 484 3179 iidem
508 3107 580 3181 siut
603 3121 639 3179 et
660 3107 814 3200 remiges
838 3120 875 3178 et
896 3106 1041 3192 milites,
1094 3126 1267 3198 superare
1282 3101 1452 3176 amissam
1468 3101 1599 3198 cogito.
1651 3101 1698 3174 Et
1715 3128 1843 3182 amans
1869 3107 2009 3202 patriae
2032 3129 2093 3180 ve·

41 3221 76 3280 et
90 3210 190 3304 quod
204 3205 276 3280 hoc
289 3209 368 3304 ipso
385 3211 543 3284 exercitu
557 3211 678 3306 potius
692 3213 784 3283 duco
802 3211 921 3284 virum
933 3211 1042 3304 Spar·
1093 3207 1169 3280 rius
1182 3202 1244 3277 hic
1258 3220 1330 3295 est,
1353 3230 1429 3278 non
1444 3206 1507 3303 qui
1522 3203 1652 3278 iniuste
1667 3207 1837 3280 amissam
1852 3234 1929 3284 non
1942 3207 2094 3298 invadit.

40 3322 190 3397 tanum,
224 3311 287 3408 qui
311 3312 358 3386 sit
379 3316 472 3401 dux,
504 3315 567 3411 qui
588 3329 623 3386 et
638 3330 845 3410 praesentes
858 3329 980 3408 regat,
1006 3327 1043 3385 et
1094 3311 1156 3386 sed
1172 3309 1237 3410 qui
1252 3309 1431 3384 desiderio
1447 3309 1522 3382 eius
1539 3309 1766 3384 omnimodo
1782 3337 1995 3410 recuperare
2014 3334 2096 3392 eam

42 3437 169 3508 cogere
182 3413 317 3488 inritos
333 3418 459 3511 possit.
492 3418 577 3490 ⁴Sic
601 3433 637 3491 et
657 3420 765 3516 amici
787 3423 867 3515 plns
890 3417 1041 3492 fiduciae
1095 3427 1258 3488 conatur.
1312 3411 1410 3484 Tuto
1426 3411 1536 3506 igitur
1553 3413 1601 3484 ad
1620 3413 1781 3509 pericula
1803 3409 1839 3490 e‘t
1862 3419 1909 3490 ad
1932 3413 2098 3495 difficilli-

40 3513 246 3602 habebunt,
283 3531 319 3590 et
340 3521 544 3594 dubitantes
567 3526 899 3611 confirmabuntur,
938 3536 980 3594 ut
1005 3547 1042 3597 se
1095 3545 1176 3591 mos
1198 3519 1340 3588 labores
1361 3541 1443 3587 meo
1465 3540 1617 3608 corpore
1640 3517 1817 3604 utamini,
1852 3520 2003 3601 scientes
2022 3517 2096 3601 usi-

43 3618 112 3694 illis
125 3620 349 3715 adiungunt.¹
388 3623 538 3695 Praeter
552 3620 642 3695 baec
659 3627 698 3695 in
713 3627 789 3720 ipsa
798 3626 951 3698 Graecia
969 3625 1044 3694 bel-
1096 3635 1212 3692 tatum
1235 3641 1460 3705 sermonem,
1493 3617 1576 3716 qui,
1609 3618 1725 3693 donec
1746 3616 1859 3694 hostis
1880 3623 1952 3716 fui,
1986 3615 2098 3702 nocui

44 3723 118 3795 lum
132 3720 413 3798 Atheniensibus
428 3740 551 3820 aperte
571 3726 799 3799 inferendum
821 3741 892 3814 est,
923 3739 965 3798 ut
978 3725 1044 3820 Sy·
1095 3721 1315 3818 plurimum,
1340 3720 1539 3815 plurimum
1554 3723 1765 3818 profuturus
1779 3751 1859 3802 sum
1881 3730 2038 3824 amicus,
2064 3741 2102 3823 et

46 3828 214 3902 raeusaai
222 3827 466 3923 intelligentes
481 3855 519 3902 se
534 3829 636 3903 vobis
652 3854 760 3903 curae
786 3855 882 3918 esse,
914 3829 1044 3902 fortius
1096 3825 1243 3923 quidem
1257 3849 1331 3923 quo
1349 3826 1464 3922 magis
1480 3827 1640 3922 cognitas
1658 3823 1778 3905 habeo
1799 3831 2027 3926 testatius,
2053 3841 2099 3914 de

46 3931 224 4016 resistant,
238 3945 274 4003 et
282 3929 518 4008 Athenienses
527 3934 648 4006 minus
665 3933 797 4007 auxilia
810 3935 884 4008 suis
901 3933 1044 4004 mittere
1096 3929 1223 4003 vestris
1240 3929 1349 4002 etiam
1366 3930 1497 4004 certius
1513 3932 1756 4008 coniecturam
1772 3937 1972 4034 capiebam.
2004 3941 2101 4018 Hor·

47 4036 197 4126 possint.
217 4032 393 4108 ‘Decelea
408 4037 517 4109 etiam
533 4037 729 4111 munienda
747 4051 826 4123 est,-
838 4040 939 4136 quod
953 4061 1045 4109 sem·
1096 4046 1156 4107 tor
1168 4032 1291 4130 igitur,
1317 4059 1398 4108 cum
1413 4035 1579 4112 statuatis
1595 4062 1660 4110 vos
1675 4029 1721 4112 de
1735 4041 1842 4116 rebus
1857 4029 2007 4122 maximi
2020 4074 2099 4124 mo·

48 4159 127 4229 per·
142 4150 351 4210 metuerunt
369 4137 620 4229 Athenienses,
662 4145 833 4240 quodque
858 4141 975 4216 solum
1006 4139 1046 4210 in
1098 4137 1211 4209 menti
1234 4137 1455 4230 deliberare,
1493 4165 1541 4213 ne
1562 4139 1683 4237 pigeat
1704 4147 1884 4242 stucipere
1903 4151 2100 4246 expeditio·

43 4234 119 4312 hoc
137 4242 236 4314 bello
258 4262 334 4314 non
355 4255 533 4320 tentatum
556 4271 630 4321 esse
659 4245 878 4321 existimant.
941 4243 1047 4316 'lianc
1099 4267 1184 4314 nem
1199 4240 1240 4311 in
1253 4241 1412 4315 Siciliam
1428 4256 1464 4316 et
1484 4243 1524 4316 in
1538 4240 1722 4337 Atticam,
1746 4263 1789 4324 ut
1808 4235 2124 4334 ittucftrai'icieo·

43 4357 170 4418 autem
187 4345 319 4443 aliquis
334 4348 492 4422 maxime
507 4364 614 4425 nocet
626 4346 803 4438 hostibus,
829 4350 977 4446 quando
992 4369 1047 4431 ea,
1098 4358 1172 4431 tes,
1197 4343 1324 4439 exigua
1341 4345 1541 4422 accessione
1553 4349 1712 4424 maxima
1727 4337 1920 4450 commoda
1938 4343 2100 4448 servetis,

49 4471 143 4543 qaae
160 4449 318 4524 maxime
332 4448 502 4547 intelligit
516 4452 599 4526 illos
614 4441 924 4541 metueresinte'ra
961 4449 1048 4524 Gre-
1100 4462 1135 4520 et
1146 4444 1421 4526 Atheniensium
1436 4453 1638 4549 potentiam
1650 4473 1876 4554 praesentem
1891 4473 1928 4536 et
1940 4442 2101 4554 laturam

463 4591 467 4602 ·
652 4573 655 4585 ·
713 4585 715 4594 ¹
791 4593 794 4601 ·
1100 4553 1289 4642 evertatis,
1315 4567 1351 4628 et
1367 4555 1437 4653 ipsi
1452 4557 1582 4630 deinde
1598 4559 1668 4632 tuti
1679 4560 1776 4651 sitis,
1800 4575 1836 4636 et
1848 4563 2021 4642 Graeciae
2037 4592 2101 4644 vu-

84 4705 135 4769 tt)
151 4705 394 4774 suppeditaturus]
412 4707 464 4762 Et.
477 4707 555 4765 tttt.
573 4719 671 4764 errore
688 4711 818 4780 typum:
839 4709 1047 4774 appetamus.
1099 4653 1208 4779 lenffi²
1248 4682 1326 4733 ²⁰¹¹
1346 4659 1404 4750 vi,
1437 4663 1499 4738 “d
1511 4663 1766 4762 bffleviilffliia.
1780 4667 1971 4772 lidibinem
1985 4666 2101 4778 impu-¹

85 4793 154 4856 tat)
174 4793 367 4860 sudumst]
385 4793 436 4848 tta.
451 4793 529 4852 tttt.
549 4805 647 4851 errore
663 4781 796 4868 typam:
816 4793 1005 4855 semma,
1100 4773 1199 4835 retis.

937 5075 1206 5094 *u*

116 5591 301 5664 Hm.
323 5593 431 5662 (trra
454 5595 538 5664 vm.
561 5595 670 5666 XVII.
