4582 5798
21 159 140 250 [045
180 229 191 241 .
303 163 412 240 XLII.
451 161 851 256 lttTERPttETatlo
875 162 1174 257 Quartottutt
1196 165 1261 240 EX
1287 167 1582 262 TllUCYIllDlS
1606 174 1755 252 blBltO
1769 179 1813 258 ΙΙ.
1980 186 2082 272 tw

20 337 140 422 stris,
179 349 242 410 aut
266 337 455 415 interiores
473 339 590 432 «gloria
613 351 750 415 nostra.
808 339 905 430 ,Tota
924 337 1037 412 Grae·
1086 339 1193 416 lactis,
1210 335 1387 417 honorem
1416 346 1515 432 facto
1541 347 1754 438 declarare,
1776 353 1941 438 videlicet
1968 357 2079 451 ipsius

20 440 81 510 cia
108 436 347 522 hocuostro
368 455 501 518 conato
523 455 660 528 erecta,
690 443 852 517 intuetur
880 466 969 530 not,
1001 456 1037 522 et
1087 444 1222 535 publici
1240 446 1375 518 funeris
1399 449 1492 534 ritu,
1518 475 1584 522 nec
1606 468 1756 546 propter
1777 457 1884 530 unius
1906 461 1975 532 viri
1998 485 2079 532 ora·

20 542 177 634 optime
195 546 294 641 cupit
309 545 414 620 nobis
431 559 581 640 propter
595 541 1035 638 odiumergaAthenien-
1088 546 1223 620 tionem
1239 551 1414 619 adducere
1430 551 1468 620 in
1485 554 1683 645 periculum
1703 559 1901 634 multorum
1917 564 2079 650 virtutes,

20 669 108 730 ses,
132 660 346 744 optatque,
380 662 422 723 ut
441 650 693 744 perficiamus,
712 648 1035 746 quaecogitamus.
1087 661 1129 720 ut
1157 651 1201 720 de
1230 651 1274 722 iis
1302 653 1351 721 ita
1383 655 1542 726 iudicent
1565 657 1648 743 alii,
1676 660 1768 734 sicut
1790 679 1995 741 easmator
2016 691 2080 740 seu
2185 737 2193 746 .

20 747 120 820 Non
144 750 257 841 igitur
278 751 415 848 aliquid
438 752 676 846 negligentius
703 775 870 845 agamus,
895 750 1037 836 etiamsi
1086 752 1178 824 benc
1199 777 1263 840 seu
1284 755 1378 826 male
1401 774 1671 834 commemorat.
1730 763 1883 838 Difficile
1907 783 1960 842 est
1981 771 2078 845 enirn

19 852 206 924 videmur
230 855 350 947 plures
375 879 450 929 esse
471 870 508 930 et
532 854 709 935 instructi.
744 855 846 936 ,Nec
865 855 1036 948 pecterita·
1088 855 1343 952 convenienter
1367 857 1484 930 dicere
1509 886 1549 934 ea
1569 865 1612 934 de
1633 889 1694 951 re,
1720 869 1766 942 dc
1787 893 1859 964 qua
1879 885 2004 944 orator
2019 873 2080 945 vix

19 967 107 1026 tem
132 957 241 1028 nobis
254 959 492 1050 polliceamur
514 982 558 1043 ex
579 951 644 1046 eo,
671 959 768 1054 quod
783 970 933 1052 propter
948 953 1036 1030 haec
1088 957 1281 1052 impetrare
1305 973 1441 1054 potest,
1479 977 1521 1048 ut
1544 966 1613 1036 sibi
1636 971 1812 1042 credatur.
1880 973 1974 1046 Nam
2000 976 2080 1071 qui·

19 1053 160 1133 hostes
182 1061 370 1137 nobbcun
392 1083 469 1138 uon
492 1062 565 1134 sint
585 1062 797 1156 pugnaturi3
823 1063 885 1152 sed
904 1063 1034 1132 ducum
1086 1062 1154 1134 bus
1176 1086 1233 1134 res
1253 1077 1361 1137 notae
1385 1077 1489 1152 sunt,
1518 1081 1556 1138 et
1576 1071 1639 1164 qui
1661 1072 1751 1144 bene
1773 1076 1902 1152 volum
1914 1079 2080 1166 mortuis,

19 1173 66 1230 et
88 1162 255 1244 militum
276 1165 544 1261 unusquisque,
575 1164 702 1260 utqui
725 1164 1035 1255 sesecogitentiu
1088 1164 1292 1236 existimant
1320 1167 1522 1241 orationem
1550 1195 1626 1242 non
1658 1199 1731 1246 esse
1753 1199 1877 1268 parem
1900 1182 2080 1273 magnitu-

19 1264 234 1336 discrimen
247 1281 440 1342 verrinum
457 1293 550 1354 esse,
580 1269 627 1340 sit
641 1281 787 1360 paratus
803 1270 847 1339 ad
863 1268 1036 1338 dimican-
1088 1267 1300 1342 dinirerum
1319 1281 1510 1362 gestarum.
1561 1275 1634 1344 Alii
1648 1275 1766 1367 ignari
1781 1281 1942 1360 iudicant
1955 1286 2079 1358 laude,

18 1369 159 1445 dum..
208 1369 344 1448 Omnia
370 1371 467 1448 euim
497 1372 537 1445 in
561 1372 664 1452 bellis
686 1371 836 1456 obscura
865 1382 970 1456 sunt,
1001 1381 1059 1458 et
1088 1395 1162 1442 esse
1187 1371 1418 1460 immodicas,
1446 1374 1531 1470 quia
1554 1376 1718 1452 invident
1738 1385 1921 1458 excellenti
1941 1387 2078 1462 virtuti.

18 1495 73 1544 ex
108 1495 231 1567 parvo
265 1475 379 1548 multa
412 1475 580 1548 eristum.
631 1475 745 1566 Saepe
772 1498 820 1544 ex
848 1472 1036 1551 iracundia
1086 1471 1229 1545 Laudes
1244 1475 1342 1549 enim
1363 1501 1405 1546 eo
1425 1503 1538 1572 usque
1558 1480 1761 1557 tolerabiles
1778 1501 1881 1572 sunt,
1904 1490 2019 1560 donec
2035 1513 2078 1562 ea

18 1578 128 1652 fiunt
149 1578 349 1654 conflictus.
415 1579 531 1672 Saepe
553 1576 676 1651 minor
695 1576 923 1661 multitudo„
943 1598 1035 1671 quae
1088 1577 1274 1662 dicuntur,
1300 1602 1393 1673 qnae
1415 1581 1597 1652 auditores
1619 1607 1823 1683 sequoque
1843 1592 1963 1664 facere
1975 1617 2078 1688 posse

18 1692 190 1775 propter
214 1696 350 1756 metum
372 1693 476 1758 cauta
499 1693 571 1765 est,
596 1681 727 1754 lortius
741 1679 880 1771 depulit
902 1678 1035 1772 plures,
1088 1680 1328 1764 arbitrantur;
1360 1683 1391 1756 si
1412 1683 1552 1754 maiora
1577 1685 1765 1776 dicuntur,
1797 1691 1980 1780 invident,
2005 1721 2080 1768 non

22 1785 98 1879 qui
115 1797 329 1878 contemptu
342 1781 501 1877 hostium
523 1786 670 1857 luerunt
689 1781 871 1876 imparati.
921 1782 976 1852 Ac
997 1780 1036 1851 in
1088 1783 1251 1859 credunt.
1628 1841 1632 1848 .

23 1901 135 1958 terra
158 1883 284 1960 hostili
303 1889 357 1962 ita
381 1909 459 1967 rem
482 1888 558 1980 geri
575 1898 738 1980 oportet,
763 1898 805 1956 ut
820 1907 1035 1979 apparemus
1188 1885 1386 1981 Postquam
1404 1900 1523 1961 autem
1541 1904 1698 1980 vetustas
1720 1889 1817 1967 hunc
1829 1923 1969 1970 morem
1986 1899 2079 1974 iudi.

22 2016 103 2062 nos
132 2003 308 2088 tanquam
331 2004 550 2076 mollientes,
574 2003 612 2060 et
636 2013 843 2085 pugnemus·
861 2001 1035 2082 tanquam
1091 1986 1188 2058 cavit
1203 1984 1395 2061 honestum
1418 2015 1512 2078 esse,
1532 2018 1590 2082 me
1613 2020 1758 2090 quoque
1778 2002 1879 2074 decet
1897 2004 2080 2098 obtempe-

22 2097 204 2169 audaces.
272 2093 327 2166 lta
361 2095 481 2168 allecti
513 2106 549 2166 ct
582 2096 629 2164 ad
660 2094 883 2176 invadendos
916 2086 1036 2165 hostes
1087 2103 1230 2162 rentem
1252 2092 1324 2185 legi
1347 2093 1489 2180 conari,
1518 2108 1561 2169 ut
1581 2100 1760 2183 voluntati
1781 2117 1919 2178 vestrae
1941 2120 1977 2177 et
2002 2107 2080 2201 opi-

22 2197 302 2292 promptissimi
341 2199 494 2284 crimus,
532 2212 568 2270 et
601 2199 647 2270 ad
682 2195 887 2278 conflictum
917 2191 1036 2266 muni-
1087 2193 1191 2266 nioni
1207 2219 1339 2288 magna
1354 2221 1397 2267 ex
1412 2210 1515 2290 parte
1529 2200 1755 2275 satisfaciam.

27 2300 182 2374 tissimi.
1139 2355 1145 2374 ,
1190 2295 1368 2369 Exordiar
1382 2312 1502 2370 autem
1518 2324 1538 2370 a
1554 2303 1754 2379 maioribus
1769 2310 1912 2383 nostris.
1942 2309 2079 2389 lustum

141 2400 268 2498 Neque
292 2427 378 2475 vero
401 2405 448 2474 ad
467 2404 593 2474 urbem
617 2401 712 2474 bello
731 2398 948 2484 invalidam,
974 2400 1037 2474 sed
1089 2411 1141 2471 est
1161 2399 1257 2470 enim
1279 2400 1441 2493 ipsorum
1466 2429 1611 2500 quoque
1634 2409 1858 2496 meminisse,
1884 2425 1920 2484 et
1933 2414 1984 2486 eis
1997 2439 2080 2506 pst.

30 2505 149 2578 rebus
164 2505 332 2578 omnibus
348 2506 484 2599 optime
499 2507 712 2590 instructam
727 2503 938 2576 accedimus.
978 2501 1037 2572 ld·
1088 2516 1160 2574 tem
1174 2499 1325 2575 honoris
1345 2506 1503 2578 tribuere
1518 2506 1557 2577 in
1569 2505 1639 2580 boc
1656 2510 1749 2596 ritu,
1776 2513 1881 2607 quia,
1904 2540 1986 2588 cum
2002 2519 2080 2590 fue.

32 2609 138 2680 circo
155 2609 424 2683 omninonobis
440 2609 478 2680 id
494 2613 789 2703 persuadeamus,
805 2608 903 2703 qnod
919 2605 966 2678 sit
982 2605 1036 2676 di·
1087 2607 1163 2682 rint
1186 2607 1397 2700 indigenae,
1430 2611 1586 2702 patriam
1618 2612 1771 2686 liberam
1791 2639 1906 2712 usque
1939 2616 2081 2695 adhoc

29 2712 238 2798 micatura,
264 2713 406 2788 etiamsi
419 2715 584 2784 nondum
602 2737 677 2785 sese
697 2721 923 2794 commovet,
950 2709 1034 2804 quia
1088 2721 1228 2802 tempus
1258 2711 1390 2782 virtute
1418 2737 1482 2784 sua
1513 2715 1685 2806 posteris,
1717 2718 1780 2812 qui
1816 2743 1858 2790 ex
1891 2721 1977 2815 ipsis
2003 2724 2082 2796 nati

33 2816 207 2888 nondum
221 2840 344 2890 sumus
360 2815 400 2886 in
414 2829 619 2909 conspectu.
665 2813 746 2886 Fiet
761 2814 799 2883 id
815 2823 947 2896 autem,
973 2811 1037 2883 ubi
1087 2823 1192 2899 sunt,
1220 2814 1458 2887 tradiderunt.
1507 2815 1659 2893 Etcum
1682 2821 1735 2890 illi
1749 2822 1855 2894 laude
1872 2824 1972 2916 digni
1985 2839 2081 2913 sunt,

32 2918 174 2990 viderit
188 2943 209 2990 a
223 2918 329 2990 nobis
346 2930 480 2989 terram
496 2916 675 2990 hostiliter
696 2915 897 3001 devastari,
923 2927 959 2984 et
980 2939 1036 2988 res
1087 2926 1165 2986 tum
1184 2939 1271 2986 vero
1295 2917 1408 3010 magis
1424 2930 1543 3011 patres
1558 2922 1692 3012 nostri,
1724 2925 1807 3018 qui,
1833 2949 1913 2998 cum
1929 2951 1951 3004 a
1966 2929 2082 3000 maio-

36 3045 125 3094 suas
140 3021 335 3113 corrumpi.
387 3021 524 3093 Omnes
540 3021 636 3092 enim
655 3045 697 3092 er
712 3031 906 3110 conspectu
927 3016 1037 3102 subiti
1088 3018 1187 3089 ribus
1211 3018 1324 3089 solam
1347 3020 1504 3112 patriam
1527 3023 1765 3116 accepissent,
1798 3051 1932 3121 magno
1955 3032 2081 3104 labore

35 3137 150 3218 atque
172 3123 304 3198 insueti
324 3125 449 3194 damni
472 3125 621 3194 inicam
639 3124 894 3205 exardescunt,
919 3119 1035 3217 etqui
1088 3121 1280 3214 imperium
1298 3122 1515 3194 addiderunt
1529 3138 1566 3195 et
1580 3127 1687 3199 nobis
1699 3130 1935 3226 reliquerunt.
1973 3135 2081 3208 Post

36 3226 236 3299 minimum
256 3238 408 3301 utuntur
429 3227 726 3312 ratiocinatione,
752 3225 780 3296 ii
802 3222 958 3296 maxime
981 3223 1037 3296 ira
1089 3247 1132 3296 ea
1154 3248 1241 3309 nos,
1275 3225 1486 3320 praesertim
1509 3226 1556 3314 ii,
1590 3255 1746 3325 quorum
1775 3247 1828 3306 est
1857 3249 1954 3309 aetas
1975 3262 2082 3330 gran-

43 3331 94 3400 ad
116 3330 295 3420 agendtrm
319 3329 457 3425 aliquid
480 3343 748 3423 permoventur.
800 3323 1038 3400 Athenienses
1089 3326 1191 3412 dior,
1217 3328 1381 3399 auximus
1401 3329 1614 3422 imperium,
1641 3346 1677 3405 et
1696 3335 1822 3408 urbem
1848 3337 2082 3416 instruximus

46 3445 166 3502 autem
181 3431 296 3502 multo
313 3433 427 3526 magis
445 3454 554 3528 quam
575 3435 664 3507 alios
683 3444 962 3506 consentaneum
986 3441 1039 3502 est
1089 3430 1196 3503 rebus
1215 3432 1424 3503 necessariis
1447 3435 1493 3502 ad
1509 3436 1642 3505 bellum
1659 3448 1695 3507 et
1710 3441 1756 3508 ad
1773 3463 1918 3532 pacem,
1944 3445 1988 3514 de
2002 3446 2082 3540 qui·

47 3532 118 3606 hoc
139 3537 295 3606 facturos
317 3559 412 3620 esse,
439 3537 502 3630 qui
525 3537 704 3630 imperare
728 3537 808 3607 aliis
830 3535 977 3618 volunt,
1004 3544 1040 3602 et
1089 3534 1156 3606 bus
1169 3557 1246 3603 non
1261 3534 1378 3606 dicam
1392 3531 1464 3619 bic,
1485 3551 1641 3630 quantae
1654 3563 1710 3610 res
1725 3553 1843 3631 gestae
1861 3544 1933 3616 sint
1947 3547 2004 3616 vel
2019 3550 2082 3618 ad-

50 3639 164 3708 aliena
189 3637 381 3711 incendere
413 3639 554 3708 malunt
586 3639 625 3708 in
659 3637 787 3708 vicinis
817 3636 1039 3726 regionibus,
1090 3659 1213 3705 versus
1234 3635 1409 3708 barbaros
1432 3637 1489 3704 vel
1512 3640 1682 3710 adversus
1699 3641 1881 3730 Graecos,
1913 3671 1994 3718 cum
2018 3674 2082 3720 vo-

51 3765 157 3836 qnam
173 3741 271 3833 pati,
294 3754 335 3812 ut
350 3741 478 3813 suaab
494 3741 573 3812 aliis
589 3741 838 3810 incendantur.
1089 3738 1145 3808 bis
1165 3749 1273 3808 notae
1303 3738 1392 3819 sint;
1426 3740 1489 3810 sed
1512 3736 1581 3811 hoc
1605 3742 1742 3830 dicam,
1774 3747 1890 3841 qualis
1912 3749 1959 3820 sit
1981 3752 2081 3824 urbis

148 3843 265 3936 Ergo,
289 3857 331 3920 nt
353 3845 525 3916 adversus
547 3856 685 3914 tantam
705 3843 885 3914 civitatem
904 3836 1037 3909 bellum
1090 3839 1299 3933 disciplina,
1331 3865 1533 3936 perquam
1561 3844 1692 3930 crevit,
1724 3862 1849 3940 postea
1878 3852 1923 3922 de
1953 3877 2081 3928 eorum
2165 3839 2174 3848 ⁸

52 3946 198 4039 gesturi,
224 3960 260 4019 et
279 3945 475 4017 maximam
499 3947 651 4039 gloriam
679 3941 898 4038 reportaturi
926 3941 1040 4012 maio-
1089 3944 1258 4014 laudibus
1283 3943 1415 4017 dicam.
1480 3946 1573 4017 Nam
1595 3941 1684 4019 baec
1713 3954 1831 4024 oratio
1863 3955 1907 4024 dc
1929 3957 2083 4034 civitatis

51 4049 147 4120 ribus
161 4049 294 4122 nostris
309 4063 345 4120 et
356 4049 475 4134 nobis,
500 4049 706 4145 sequimini,
731 4046 861 4119 animis
878 4048 923 4115 ad
935 4069 1041 4114 even·
1091 4049 1210 4118 forma
1237 4059 1273 4116 ct
1294 4048 1457 4120 moribus
1479 4073 1556 4120 non
1578 4051 1695 4122 aliena
1721 4067 1774 4127 est
1796 4057 1842 4126 ab
1869 4051 1938 4130 bac
1957 4061 2083 4134 lauda·

52 4166 128 4222 tum
147 4165 340 4248 utrumque
361 4153 517 4246 paratis,
554 4178 598 4224 eo
621 4178 693 4248 quo
716 4147 910 4222 ducemini.
969 4147 1039 4219 Sed
1091 4151 1211 4235 tione,
1234 4162 1270 4221 et
1290 4151 1388 4222 utilis
1410 4164 1464 4222 est
1485 4152 1711 4229 audientibus
1729 4158 1865 4232 civibus
1880 4173 1916 4232 ct
1931 4157 2082 4258 hospiti-

55 4257 214 4326 ordinem
237 4269 376 4326 servate
405 4268 488 4326 ante
519 4256 663 4341 omnia,
698 4268 733 4326 et
755 4251 1041 4347 circumspectio·
1091 4255 1170 4326 bus.
1210 4252 1305 4326 Nam
1319 4255 1436 4325 forma
1452 4269 1596 4326 nostrae
1612 4259 1829 4352 reipublicae
1845 4287 1921 4334 non
1937 4281 2081 4362 accepta

58 4382 139 4430 nem
151 4355 334 4442 adhibete,
359 4357 521 4428 celeriter
535 4361 704 4429 mandata
718 4360 848 4428 ducum
866 4353 1042 4447 excipien·
1094 4370 1147 4430 est
1168 4379 1188 4426 a
1210 4354 1357 4443 vicinis,
1383 4359 1445 4429 sed
1460 4357 1581 4452 potius
1595 4361 1799 4458 aliquarum
1822 4369 2082 4462 exemplarem,

56 4475 119 4535 tes.
164 4458 436 4534 Pulcherimum
460 4462 556 4532 enim
584 4458 654 4532 boc
679 4475 733 4534 cst
755 4473 792 4532 et
813 4457 1043 4541 tutissimum,
1094 4484 1137 4531 ac
1148 4483 1284 4530 nornen
1298 4461 1444 4555 quidem
1460 4474 1513 4533 est
1527 4465 1712 4556 popularis
1725 4479 1858 4554 status,
1876 4472 1960 4565 quia
1976 4476 2081 4548 multi

54 4591 134 4636 cum
163 4566 273 4638 simus
307 4563 431 4648 multi,
474 4589 599 4636 omnes
630 4590 705 4636 uno
741 4562 868 4636 ordine
901 4574 1042 4635 utentes
1095 4587 1211 4659 aequo
1225 4561 1304 4635 iure
1319 4564 1515 4636 consociati
1530 4578 1626 4638 sunt.

56 4668 220 4762 conspici.
1195 4663 1243 4735 Et
1257 4690 1477 4762 quamquam
1493 4669 1663 4761 privatim
1678 4671 1772 4744 cives
1784 4673 1971 4748 dissimiles
1987 4690 2083 4764 sunt,

1095 4767 1158 4838 alii
1173 4768 1321 4857 divites,
1346 4771 1409 4842 alii
1422 4795 1622 4865 pauperes,
1648 4785 1769 4845 tamen
1786 4779 1983 4872 aequalitas
1996 4780 2083 4874 legi·

186 4835 412 4937 Funebcis
440 4833 595 4904 ⁰f³li⁰
620 4835 826 4908 Pellem
842 4835 904 4933 ¹⁶)-
1093 4870 1161 4943 bus
1176 4873 1368 4945 constituta
1393 4887 1464 4960 est,
1490 4887 1531 4946 ut
1552 4875 1658 4947 liberi
1674 4889 1710 4947 et
1724 4879 1892 4952 adversus
1910 4882 2083 4956 iniuriam

153 4976 279 5061 Multi,
304 4975 368 5069 qui
389 4969 555 5044 hocloco
573 4974 760 5060 dixerunt,
785 4969 1044 5048 laudantbunc
1095 4977 1293 5071 aequaliter
1316 4977 1385 5050 tuti
1407 4978 1480 5050 sint
1502 5003 1638 5054 omnes.
1689 4981 1766 5075 Pro
1786 4984 1959 5076 dignitate
1983 5009 2084 5072 vero,
2212 4993 2218 5006 '

61 5107 209 5166 morem,
245 5081 343 5174 quod
372 5078 429 5148 lex
454 5076 553 5148 iubet
582 5077 666 5148 addi
691 5078 891 5149 orationem
906 5079 1041 5168 iuneti.
1094 5081 1306 5176 utquisque
1327 5082 1500 5176 probatus
1526 5094 1595 5168 est,
1619 5085 1669 5156 ita
1692 5086 1738 5156 ad
1753 5082 1910 5159 honores
1926 5086 2085 5186 admitti-

63 5184 148 5261 lllibi
167 5181 359 5258 uerosatis
373 5181 575 5264 videretur,
602 5181 762 5254 virorum
781 5184 1040 5275 praestantium
1094 5198 1174 5268 tur,
1198 5207 1274 5256 non
1297 5209 1340 5256 ex
1361 5197 1456 5255 certa
1472 5185 1629 5275 familia,
1654 5189 1717 5259 sed
1738 5201 1887 5282 propter
1901 5187 2085 5280 virtutem,

67 5343 262 5363 ,,,,.,,...
1093 5310 1161 5357 nec
1188 5302 1337 5381 propter
1365 5301 1614 5384 paupertatem
1641 5303 1783 5362 arcetur
1807 5287 2087 5386 obturantibus,

96 5420 274 5487 attracted
290 5421 326 5488 u,
343 5418 466 5474 ss-tt
1093 5388 1125 5463 si
1140 5390 1356 5484 reipublicae
1379 5396 1700 5566 P¹⁰d⁰g{⁰,p⁰¹‘⁸¹'
1751 5393 1923 5470 Liberum
1947 5411 2000 5470 est
2021 5399 2086 5494 igi-
