4648 5794
266 173 342 248 419
835 167 958 244 nun.
988 165 1102 242 suu
1133 145 1338 240 scarras
1368 157 1706 238 rnuonomoe
2043 227 2057 234 -
2191 175 2244 255 uo

267 309 445 415 tendenda
469 345 638 416 adversus
657 341 880 414 Antonium.
941 347 1012 436 Fau
1030 337 1120 442 teis]
1143 339 1254 412 Polli·
1554 322 1690 408 Aliud
1721 349 2051 432 argumentum.
2281 441 2282 448 ἵ

957 495 959 500 ·
1318 457 1321 464 ’
1405 467 1605 544 Exordium
1622 485 1805 568 sumptum
1827 487 1882 546 est
1904 476 1949 546 ab
1972 477 2106 552 ellectu.
2157 479 2252 578 Sequi·

270 445 390 518 citatio
407 448 462 520 sui
478 446 651 544 officii¹⁰).

1189 665 1193 673 Ι
1308 580 1367 638 tur
1381 574 1562 660 narratio,
1588 599 1681 670 quae
1695 577 1785 646 duas
1808 576 1967 648 continet
1988 591 2113 671 partes.
2156 579 2252 656 Primo

1308 669 1388 742 loco
1419 669 1528 746 habet
1549 675 1839 748 criminationem
1860 677 2010 750 Antonii
2029 681 2151 774 perditi
2166 678 2254 756 homi·

374 779 466 853 Cnm
488 778 613 851 Cicero
637 779 881 850 interfectores
903 779 1065 852 Caesaris
1089 781 1259 853 adversus
1308 771 1384 860 nis,
1416 777 1479 872 qui
1500 778 1563 850 diu
1581 779 1807 876 multumque
1827 805 1947 853 secum
1973 782 2132 878 cogitarit
2148 799 2256 876 praeter
2282 848 2283 872 ,

270 881 422 954 Antonii
446 883 518 952 vim
538 882 576 950 in
597 893 723 953 senatu
745 883 953 956 defenderet
975 907 1056 954 cum
1078 883 1157 955 aliis
1180 883 1259 979 qui·
1310 875 1380 947 alia
1401 877 1537 972 flagitia
1566 881 1611 952 de
1639 880 1884 954 interficiendo
1908 881 2089 958 Cicerone.
2150 877 2283 960 Deinde*

270 987 421 1058 busdam
442 983 659 1076 reipublicae
680 983 865 1070 studiosis,
895 985 1052 1058 minatus
1073 998 1127 1057 est
1145 985 1259 1057 Anto·
1310 1003 1375 1072 per
1388 984 1570 1076 quandam
1593 985 1776 1079 querelam
1793 987 1838 1057 de
1862 985 1948 1057 viris
1971 985 2200 1061 consularibus
2214 993 2256 1060 ad·

269 1087 353 1159 nius
366 1086 491 1185 illiso)
515 1086 682 1158 omnibus
702 1099 881 1172 extrema,
911 1101 947 1158 et
966 1088 1153 1160 consilium
1177 1089 1259 1161 sub·
1310 1081 1407 1153 (litor
1420 1085 1594 1178 otpooilio
1608 1086 1771 1178 longior,
1804 1112 1959 1182 qnorum
1981 1089 2175 1184 paucissimi
2190 1105 2257 1164 reue

269 1188 355 1260 inde
377 1189 489 1284 capit,
524 1191 707 1284 quomodo
731 1213 793 1260 eos
813 1213 834 1259 e
856 1190 976 1261 medio
1001 1191 1154 1263 tolleret,
1220 1187 1260 1262 ld
1310 1185 1485 1272 sentiant,
1510 1200 1545 1258 et
1558 1187 1670 1260 libere
1682 1187 1856 1287 dicant2')
1879 1191 2090 1262 sententiam
2104 1191 2140 1262 in
2153 1207 2257 1266 senatu.

270 1291 531 1382 significaturus
564 1289 688 1362 Cicero
712 1290 835 1364 Cassio
865 1293 1089 1364 acerbissime
1109 1292 1260 1364 Antonii
1310 1285 1520 1359 Narrationi
1537 1289 1682 1361 additur
1694 1285 2025 1381 adhortatinncula,
2048 1307 2090 1365 ut
2103 1318 2198 1390 quam
2207 1294 2257 1388 pri·
2283 1254 2284 1338 i

270 1393 480 1466 violentiam
503 1391 713 1478 insectatur,
739 1407 775 1464 et
794 1409 1071 1482 commemorat,
1103 1397 1167 1492 qui
1189 1395 1262 1466 sint
1311 1415 1411 1460 mum
1425 1391 1657 1464 subveniatur
1676 1393 1858 1466 laboranti
1877 1393 2104 1489 reipublicae.
2155 1393 2191 1466 lu
2210 1399 2257 1468 line

270 1508 473 1581 senatores,
510 1495 573 1590 qui
603 1494 714 1566 libere
734 1495 896 1567 Antonio
925 1497 1110 1584 resistant,
1148 1510 1261 1570 uteo
1312 1503 1365 1563 est
1378 1491 1591 1586 pollicitatio
1608 1495 1728 1570 officii.

269 1597 384 1692 magis
399 1596 583 1668 extimulat
600 1599 761 1671 animum
779 1598 890 1672 Cassii
911 1603 959 1672 ad
983 1599 1259 1694 opprimendum
1586 1663 1597 1684 ,

269 1699 481 1774 Antonium.
526 1697 710 1793 Principio
727 1715 781 1774 est
794 1703 956 1774 namatio
972 1699 1164 1798 pathetica,
1189 1727 1260 1800 qna
1525 1661 1664 1736 A¹¹¹¹d
1696 1664 2084 1764 argumentunffl).
2284 1662 2285 1716 i

271 1801 522 1901 desotatmfl)
538 1801 738 1876 Antonium
753 1817 790 1875 et
805 1818 1187 1878 enumeratsenatores
1209 1805 1262 1876 illi
1416 1795 1481 1871 Est
1501 1799 1576 1872 lere
1596 1799 1691 1874 idem
1718 1815 1970 1896 argumentum
1994 1801 2150 1876 omnium
2165 1801 2258 1896 episto

563 625 957 724 Argumentum).

147 1963 151 1972 .
271 1908 512 1976 adversantes.
545 1903 685 1976 Deinde
703 1907 883 1978 concludit
895 1903 989 1980 hanc
1002 1909 1262 1994 narrationem,
1312 1898 1429 1970 lorum
1449 1904 1495 1972 od
1510 1900 1684 1978 Cassium.
1740 1903 1835 1978 Nam
1859 1917 1895 1975 et
1916 1905 1962 1976 de
1984 1906 2156 2002 praesenti
2175 1906 2258 1999 reipu-

272 2019 309 2080 et
322 2008 451 2078 transit
466 2009 511 2077 ad
528 2002 813 2081 exhortationem
828 2009 1071 2086 defendendae
1092 2011 1263 2105 reipubli·
1313 2001 1428 2073 bliooe
1451 2017 1546 2076 statu
1568 2020 1712 2092 narrat,
1751 2018 1788 2076 ct
1808 2001 1995 2094 hortatur,
2033 2022 2075 2080 nt
2100 2009 2222 2080 consilia
2236 2019 2258 2075 et

272 2131 354 2195 cae,
377 2109 502 2203 inqua
516 2108 630 2182 utitur
644 2105 714 2182 hoc
729 2108 1012 2207 enthymemate:
1039 2111 1152 2184 Pauci
1167 2126 1263 2198 sunt,
1314 2103 1435 2197 copias
1453 2131 1536 2178 suas
1553 2111 1598 2179 ad
1614 2108 1871 2202 rempublicam
1894 2111 2149 2182 defendendam
2169 2112 2257 2180 conlra
2285 2133 2286 2218 f

145 2259 148 2268 ·
273 2210 336 2306 qui
368 2211 627 2303 rempublicam
660 2215 797 2286 salvam
831 2237 907 2288 esse
938 2216 1051 2288 velint
1083 2229 1147 2288 aut
1181 2239 1262 2286 eam
1313 2205 1464 2278 Antonii
1477 2211 1703 2304 tyrannidem
1721 2211 1893 2284 conferat·

270 2325 459 2384 tueantur:
499 2337 585 2406 ergo
607 2315 709 2387 vobis
732 2341 775 2388 eo
802 2316 905 2390 citius
928 2343 1037 2412 opera
1058 2320 1177 2390 danda
1199 2331 1263 2404 est,

270 2426 313 2486 nt
345 2414 561 2507 reipublicae
594 2417 699 2488 saluti
730 2433 972 2495 succurratur.
1041 2419 1263 2494 Antecedeus
1492 2426 1681 2502 Scholia
1713 2431 1760 2503 in
1793 2431 2040 2526 epistolam
2066 2429 2123 2506 ΠΙ.

272 2517 581 2609 confirmationga
598 2520 819 2613 expositione
834 2545 980 2608 eorum,
1011 2546 1032 2593 a
1056 2523 1185 2619 quibus
1208 2525 1264 2595 ni·

272 2613 325 2688 hil
342 2642 473 2712 operae
489 2623 706 2711 sperandum
721 2623 779 2698 sit.
829 2621 872 2694 ln
886 2626 957 2696 fine
972 2621 1176 2698 exhortatio
1200 2651 1265 2721 per
1419 2577 1452 2674 5·
1468 2583 1506 2700 ¹⁶.
1527 2587 1637 2676 ᾹΨΙ
1656 2593 1737 2656 itm
1755 2579 1905 2728 oziotto]
1935 2583 2106 2655 Narratio
2127 2583 2287 2676 incipienti

274 2719 442 2792 anamma
457 2721 574 2814 pono
594 2736 658 2814 aa.
1317 2695 1607 2858 affixum
1628 2686 1785 2778 senerah
1826 2684 1855 2782 )·
1968 2689 2041 2760 oea
2059 2691 2118 2760 to
2135 2681 2260 2782 eam]

495 2929 498 2940 ’
521 2903 659 2980 Aliud
692 2922 1030 3004 argumentum..
1610 2939 1937 3033 Argumentum
1954 2939 2017 3037 υ)
2287 2884 2288 2978 A

375 3055 605 3130 Nuntiatoria
638 3074 691 3132 est
719 3063 870 3156 epistola
900 3065 944 3134 de
968 3061 1121 3134 Antonii
1143 3075 1266 3157 tyran·
1417 3073 1588 3147 Eiusdem
1608 3079 1682 3148 sere
1703 3091 1755 3149 est
1781 3077 1986 3170 argumfflti
2008 3103 2087 3148 cnm
2118 3067 2264 3167 superiori.

273 3156 379 3241 uide,
417 3160 481 3252 qni
512 3162 707 3232 admodum
738 3167 876 3251 studet,
914 3179 1056 3258 praeter
1077 3165 1147 3237 alia
1169 3166 1265 3234 mala
1318 3174 1409 3247 cum
1435 3177 1531 3250 enim
1547 3178 1673 3251 cicero
1694 3181 1832 3250 videret
1851 3181 2091 3272 grassationes
2102 3173 2226 3244 Antonii
2241 3183 2263 3240 et

275 3259 424 3352 aliquod
446 3261 564 3332 caedis
585 3262 727 3334 initium
748 3267 882 3347 facere3
913 3267 1000 3337 item
1022 3271 1067 3337 de
1088 3266 1267 3362 paucitate
1319 3279 1482 3364 comitia,
1508 3282 1637 3377 quibus
1655 3305 1779 3353 omues
1794 3307 1855 3354 eos
1869 3283 2023 3368 lacerat,
2049 3281 2109 3380 qui
2119 3277 2263 3348 Caesarem

277 3384 416 3446 eorum,
435 3362 498 3454 qui
513 3363 635 3434 animo
652 3364 843 3436 existerent
855 3366 895 3436 in
909 3370 1167 3461 rempublicam
1182 3392 1268 3438 cou-
1319 3381 1473 3452 occisum
1495 3385 1730 3476 gaudebant„
1749 3385 2013 3480 aliquantulum
2035 3383 2220 3472 indignatur
2235 3378 2263 3444 de

276 3461 398 3534 sulari.
462 3461 660 3536 Exordium
689 3468 886 3539 sumitura
914 3471 1120 3542 laudatione
1145 3469 1268 3541 iudicii
1319 3482 1432 3554 cassii
1446 3487 1682 3579 negligentia,
1708 3482 1749 3560 ut
1764 3512 1845 3558 eum
1871 3490 1917 3558 ad
1941 3485 2203 3580 opprimendum
2215 3477 2266 3546 An-

183 3643 185 3650 ¹
278 3563 391 3636 Cassii
405 3566 449 3634 de
463 3562 661 3660 Philippica
678 3569 872 3643 Ciceronis.
924 3571 1093 3646 Narratio
1109 3573 1267 3667 primum
1319 3587 1457 3658 eonium
1483 3589 1676 3661 mimula,
1703 3571 1713 3576 ”
1742 3588 1891 3661 constat
1914 3604 2036 3662 autem
2059 3603 2130 3662 tota
2155 3580 2265 3676 epistola

279 3667 439 3737 continet
453 3668 738 3742 criminationem
754 3673 923 3760 Antonii,
949 3675 988 3747 in
1010 3677 1111 3749 cuins
1133 3676 1268 3770 impro-
1320 3689 1547 3778 narratione,
1580 3707 1657 3764 tum
1677 3694 1776 3787 quod
1795 3691 1975 3765 Antonine
1998 3717 2072 3764 non
2097 3687 2192 3763 simul
2210 3705 2265 3752 cun

277 3769 426 3839 bitatem
450 3771 555 3862 pauci
576 3775 653 3845 ausi
674 3789 759 3848 suut
777 3772 965 3860 invebere;
997 3779 1083 3850 item
1100 3793 1269 3850 extenua·
1320 3795 1471 3868 caesare
1501 3797 1661 3868 sublatus
1691 3807 1762 3881 est,
1794 3809 1870 3866 tum
1893 3797 1994 3890 qnod
2016 3795 2168 3888 patiatur
2185 3785 2266 3856 Anto

279 3871 414 3992 tionem
433 3873 625 3958 orationis,
651 3902 759 3970 quam
777 3873 903 3952 habuit
915 3879 1095 3980 Antonips
1117 3881 1270 3953 acerbis-
1320 3899 1422 3970 nium
1438 3895 1478 3966 in
1491 3899 1615 3970 nubea
1633 3896 1795 3970 Caesaris
1810 3897 2002 3992 tyrannide
2025 3898 2097 3968 iarn
2113 3891 2210 3962 libera
2223 3887 2265 3956 do

280 3997 407 4044 simam
435 3976 481 4044 ad
508 3975 722 4049 irritandum
747 3979 968 4054 Ciceronem.
1024 3983 1164 4054 Deinde
1187 3984 1270 4054 sub·
1320 3997 1464 4074 minari,

281 4075 401 4146 iicitur
435 4079 578 4170 querela
609 4081 653 4150 de
684 4081 862 4173 paucitate
889 4085 1130 4157 consularium
1156 4086 1196 4153 iu
1215 4085 1269 4155 di·
1628 4153 1638 4172 ,
1719 4151 1722 4158 ,
2019 4113 2025 4128 ,

282 4179 393 4246 cenda
424 4177 535 4249 libere
561 4183 736 4254 sententia
765 4197 888 4256 contra
908 4185 1119 4260 Antonium.
1177 4185 1270 4258 Con·
1564 4151 1706 4224 Mmd
1731 4165 2059 4245 ”Summum-

198 4321 217 4336 -
283 4279 393 4350 clusio
416 4273 525 4349 habet
544 4283 690 4355 brevem
711 4282 1018 4374 adhortationem,
1056 4302 1099 4362 ut
1128 4300 1271 4361 autores
1422 4287 1581 4384 Epistola
1598 4287 1702 4380 plena
1719 4301 1772 4360 est
1784 4287 2042 4382 indignationis
2056 4275 2268 4358 adversnsbo

204 4388 208 4396 '
282 4381 456 4452 libertatis
475 4383 586 4454 velint
606 4411 717 4480 porro
741 4391 877 4461 salvam
902 4415 976 4462 csse
1000 4391 1272 4486 rempublicam,
1322 4393 1483 4476 tonium',
1509 4403 1551 4462 ut
1569 4390 1632 4487 qui
1645 4391 1741 4464 solus
1755 4391 1907 4463 multum
1920 4391 2057 4484 negotii
2072 4389 2172 4460 sudat
2186 4375 2268 4455 onni-

285 4505 392 4576 seque
417 4500 604 4578 opponant
621 4489 773 4561 Antonii
796 4494 994 4566 conatibus.
1056 4491 1100 4564 ln
1123 4495 1194 4564 bne
1220 4507 1274 4565 est
1321 4545 1528 4566 ...-

283 4585 495 4676 pollicitatio
517 4590 635 4664 officii.
1357 4625 1533 4748 sempe]
1551 4622 1594 4676 ue
1609 4621 1696 4676 ratu
1714 4623 1808 4692 suc,
1826 4622 1923 4690 aean,
1941 4623 2037 4691 sess,
2060 4621 2110 4678 re
2129 4617 2194 4673 sur.
2209 4609 2268 4668 na:

288 4759 494 4779 ῃ

1357 4785 1407 4844 2⁴)
1426 4783 1486 4835 llos
1501 4779 1694 4844 argumentum
1710 4775 1740 4830 tu
1758 4777 1845 4830 ruet.
1863 4774 2054 4831 toto-tm
2072 4773 2205 4840 mentor.

322 4857 370 4918 ts)
388 4859 463 4909 llaec
480 4861 546 4910 nots
563 4859 592 4910 ln
609 4859 693 4912 rute
715 4860 809 4928 lm,
837 4861 912 4914 156⁰.
935 4862 1010 4915 niso
1035 4861 1073 4916 ed
1096 4861 1201 4916 lollium
1224 4875 1274 4914 se·
1357 4867 1406 4934 2³)
1424 4867 1479 4920 Pro
1496 4867 1548 4916 luo
1563 4866 1646 4922 nota,
1664 4875 1745 4928 quem
1762 4863 1847 4916 lldltt.
1862 4861 1955 4930 lm,
1973 4861 2049 4916 toto.
2067 4859 2198 4922 astinem,
2211 4848 2268 4904 nult

358 4927 467 4990 quentis
485 4929 621 4992 epistolae
638 4933 684 4982 est
699 4931 806 4995 relata,
830 4929 895 4981 ride
914 4933 1008 4982 notata
1024 4931 1069 4986 to.
1394 4937 1483 5000 tota,
1500 4933 1576 4986 totto.
1593 4933 1695 4984 meent
1710 4933 1796 4984 tuoe
1809 4931 1895 4984 unu:
1912 4931 1958 4984 Aa
2020 4935 2090 4983 tm
2099 4915 2269 5057 misdi

319 5027 463 5150 top-1:23⁶
463 5033 665 5150 epgu'pncpptpppr
665 5033 699 5150 ‚a
717 5031 770 5084 dno
788 5031 932 5100 sequentia
947 5029 977 5082 tu
993 5031 1079 5085 uun.
1095 5031 1187 5100 totu,
1206 5031 1274 5084 idol
1392 4999 1582 5138 mm&
1603 5000 1742 5134 fflssgu.
1766 5001 1961 5132 {mm
1988 4999 2198 5128 awaus„
2218 5049 2268 5106 wat.

320 5199 371 5259 st)
389 5199 460 5268 titus]
478 5199 521 5250 ne
537 5199 588 5251 ru
609 5197 701 5262 ross.;
724 5195 754 5250 tn
773 5197 860 5250 nun
874 5199 963 5266 mg,
982 5199 1072 5267 mg,
1091 5199 1168 5253 ,m
1185 5196 1273 5250 m
1393 5137 1664 5274 &babbini-un?
1680 5137 1766 5193 rute
1781 5137 1875 5204 tus,
1894 5137 1986 5203 tote,
2004 5133 2081 5186 taor.
2102 5135 2165 5186 aesc
2183 5117 2268 5182 none

321 5299 370 5356 ἥ)
389 5301 557 5359 demantur]
581 5299 623 5349 slc
645 5301 722 5350 recte
738 5299 824 5352 nult
841 5299 934 5367 lm,
953 5301 1028 5355 amu
1036 5317 1047 5368 ᾗ
1080 5301 1165 5356 unte
1185 5299 1273 5368 torn,
1356 5291 1405 5362 ὅ)
1423 5295 1483 5345 iloo
1498 5291 1691 5357 ottonom!
1707 5292 1737 5344 ot
1753 5289 1808 5345 duo
1824 5288 1969 5358 ”ontulit
1984 5285 2014 5343 in
2030 5285 2114 5344 Mlti·
2128 5281 2207 5346 iiiia
2222 5265 2267 5328 ιω

353 5369 430 5420 loto.
446 5369 576 5418 testatem.
1395 5386 1426 5402 -
1435 5361 1502 5416 iffi
1518 5360 1640 5416 wioni.
