4584 5796
45 211 104 292 ..a
146 201 257 278 nm.
304 135 615 276 mororum
638 195 706 286 rr
731 193 937 272 senous
959 193 1010 272 ro
1035 129 1907 278 mnr.mu.ctc.o1o.vr.ar.1c-er.
1971 202 2053 293 eet

259 371 410 450 Aliud.
420 382 752 464 argumentum.

139 527 311 620 Principio
351 505 441 595 duae
478 523 704 594 narrationes
726 531 928 616 ponuntur
959 521 1003 592 de

1299 370 1441 443 Aliud
1467 382 1798 462 argumentum.

1158 517 1261 591 Duae
1275 535 1357 593 sunt
1375 523 1544 615 epistolae
1561 525 1606 593 ad
1621 521 1829 610 Toranum,
1856 547 1948 621 quae
1968 549 2052 596 con·

45 633 172 730 praediis
192 642 225 701 et
239 633 281 699 de
295 651 480 712 sermone,
507 651 614 722 quem
630 649 711 696 cum
725 622 847 718 Oppio
869 619 1004 694 habue-
1056 634 1151 692 stant
1168 625 1292 693 eodem
1308 639 1532 718 argumento.
1583 625 1692 697 Prior
1706 629 1797 699 duos
1820 623 2053 716 hebetiores,

44 739 87 809 rit.
129 735 260 806 Deinde
273 731 418 802 additur
441 728 614 822 expositio
638 727 694 800 sui
711 725 852 798 consilii
868 727 911 796 de
928 749 1004 796 non
1055 725 1245 797 consilium
1262 730 1306 797 de
1330 727 1584 798 commoditate
1606 729 1695 814 loci,
1733 743 1769 799 ct
1797 730 1943 800 brevem
1967 754 2052 802 con·
2170 775 2175 783 -

44 839 183 934 parandis
199 835 417 918 muneribus,
433 831 562 928 quibus
576 830 714 902 aditum
730 828 843 921 Lepta
860 831 906 899 ad
916 828 1004 899 Cae·
1056 827 1281 901 solationem.
1308 827 1507 901 Exordium
1524 831 1683 901 continet
1699 833 2051 904 excusationembre-
2107 842 2110 850 '

43 967 134 1014 sarem
156 943 267 1012 lacere
286 937 461 1030 cupiebat.
513 931 555 1005 ln
577 935 647 1003 fine
665 943 717 1004 est
730 933 849 1004 brevis
865 931 1004 1024 pollici·
1056 929 1176 1002 vitatis
1201 931 1416 1004 litterarum.
1481 931 1687 1026 Propositio
1717 947 1769 1006 est
1790 934 1908 1028 ipsum
1936 937 2051 1009 conei-

43 1045 126 1128 tatio,
150 1041 265 1114 addita
289 1038 503 1132 repetitione
527 1035 583 1107 sui
605 1035 756 1106 consilii.
1055 1031 1143 1103 lium
1167 1035 1334 1118 deloco,
1369 1058 1476 1128 quem
1499 1035 1599 1106 nullo
1631 1037 1739 1106 modo
1764 1049 1914 1130 propter
1937 1052 2050 1112 certas

222 1244 363 1316 Aliud
389 1235 793 1335 argumentum⁴⁸⁰).

117 1396 337 1472 Dissuasoria
369 1410 440 1490 est,
475 1409 510 1465 et
533 1393 694 1464 continet
714 1381 802 1464 duas
824 1391 1002 1463 narratio-

42 1529 95 1576 nes.
138 1499 176 1570 ln
190 1501 306 1594 prima
320 1499 506 1592 praedicat
521 1496 677 1566 officium
691 1495 865 1580 maculae,
890 1517 911 1563 a
929 1521 1001 1590 qno

43 1621 99 1676 erat
116 1606 296 1684 invitatus;
320 1603 445 1673 laudat
468 1600 566 1672 iuxta
585 1599 708 1668 villam
731 1597 805 1669 eius
830 1610 865 1669 et
878 1595 1001 1667 villam

40 1707 156 1802 Leptae.
203 1703 245 1776 ln
270 1707 381 1776 altera
403 1703 584 1776 dissuadet
604 1699 761 1794 Leptae,
794 1723 840 1770 ne
866 1699 1002 1770 ambiat

41 1812 162 1903 gratiam
177 1807 338 1880 Caesaris
358 1831 424 1904 per
439 1827 610 1889 monera,
637 1815 672 1874 et
694 1802 833 1875 consilii
847 1800 905 1876 sui
919 1825 1002 1872 cau-

41 1939 80 1986 sas
101 1913 203 1984 affert.

184 2093 366 2170 Scholia
399 2093 446 2162 in
474 2091 718 2185 epistolam
742 2093 817 2167 llll.

117 2251 143 2346 ᾗ.
164 2257 197 2326 1.
228 2253 405 2326 Desierant
429 2253 544 2323 tetam
566 2243 667 2346 orte]
699 2245 917 2332 Consilium,
955 2268 1001 2316 ne

41 2357 173 2430 'loranus
190 2383 231 2430 ex
246 2357 312 2426 illo
329 2355 409 2424 loco
423 2351 593 2424 discedat.
669 2353 772 2424 matt
784 2345 883 2449 preto]
910 2348 1002 2420 Pro-

41 2461 152 2554 positio.
205 2465 302 2532 Nam
313 2451 473 2554 5155155]
499 2445 746 2527 Narrationes.

117 2578 144 2673 ἓ.
159 2582 191 2653 5.
216 2585 276 2653 De
289 2573 508 2672 wlepem]
534 2572 738 2647 Conclusio.

310 2780 634 2873 Argumentum
646 2775 708 2874 ⁸⁰).

114 2939 257 3012 Generis
282 2933 507 3007 deliberativi
529 2942 581 3003 est
595 2926 684 3000 haec
697 2927 866 3021 epistola,
892 2936 927 2995 et
941 2947 1004 3016 ap-

40 3056 116 3136 paret
135 3068 208 3113 eam
235 3039 408 3133 scriptam
425 3060 519 3122 esse,
546 3059 626 3104 cum
642 3031 775 3102 Caesar
788 3029 921 3100 bellum
945 3049 1004 3118 ge-

39 3160 109 3215 reret
122 3146 155 3216 in
167 3143 344 3240 Hispania
363 3167 442 3214 cum
459 3136 627 3230 Pompeii
649 3133 782 3204 liberis.
834 3127 1005 3202 Continet

41 3261 133 3318 autem
152 3251 240 3326 duos
270 3248 389 3330 locos,
423 3241 612 3314 consilium
642 3251 678 3308 et
709 3232 1003 3308 consolationem.

40 3349 171 3424 Consulit
190 3365 313 3423 autem
331 3347 479 3417 Torano
513 3343 626 3428 exuli,
658 3365 703 3411 ne
732 3351 865 3408 temere
888 3347 1005 3406 mutet

39 3453 130 3525 locum
152 3467 300 3548 propter
313 3451 447 3522 multas
470 3469 614 3529 causas,
634 3467 700 3514 nec
722 3467 758 3514 se
777 3437 923 3510 Caesari
946 3461 1003 3508 rc·

40 3559 136 3628 deuoti
156 3584 196 3629 ex
217 3553 394 3648 Hispania
421 3552 491 3636 ita,
518 3561 560 3620 ut
578 3545 833 3627 constituerat,
863 3541 1003 3612 offerat.

38 3657 204 3732 Exordium
221 3657 333 3730 hahet
349 3651 613 3726 excusationem
628 3646 825 3720 brevitatis.
877 3643 1003 3738 Sequi-

39 3775 82 3832 tur
98 3761 311 3857 propositio,
337 3782 428 3854 quae
450 3753 609 3826 continet
629 3751 838 3832 consilium,
864 3771 910 3816 ne
925 3745 1005 3815 To·

38 3889 122 3938 rarus
139 3892 177 3937 ex
194 3867 265 3937 isto
279 3865 360 3933 loco
384 3861 561 3942 discedat,
584 3867 739 3949 suntque
754 3849 896 3921 additae
911 3850 1004 3919 duae

37 3969 177 4054 rationes,
202 3969 315 4038 altera
331 3965 375 4034 de
388 3958 626 4034 incommodis
640 3951 895 4046 navigationis:
919 3949 1004 4022 Non

1055 1134 1225 1238 rationes
1241 1149 1381 1208 mutare
1404 1137 1520 1207 debet.
1589 1135 1796 1226 Consolatio
1825 1141 1979 1212 sumitur
2007 1166 2051 1214 ex

1055 1235 1135 1308 loco
1158 1238 1342 1310 communi
1362 1240 1406 1310 de
1424 1239 1660 1325 conscientia,
1684 1239 1740 1310 cui
1765 1242 1908 1313 additur
1929 1243 2049 1316 brevis

1054 1337 1265 1431 significatio
1285 1341 1418 1412 amoris
1443 1355 1479 1412 et
1499 1343 1666 1414 desiderii
1681 1341 1863 1428 omnium,
1889 1346 2051 1441 quisunt

1054 1466 1097 1512 er
1111 1443 1247 1514 familia
1263 1443 1414 1516 Torani.
1466 1441 1507 1514 ln
1528 1447 1598 1515 fine
1622 1458 1674 1516 est
1695 1446 1904 1518 brevissima
1919 1449 2050 1542 repeti·

1054 1543 1105 1614 tio
1126 1545 1384 1639 propositionis
1409 1569 1474 1640 per
1500 1543 1803 1623 adhortationem.

1294 1725 1432 1796 Aliud
1457 1739 1789 1820 argumentum.

1155 1858 1306 1932 Exordii
1320 1859 1396 1932 viee
1410 1862 1527 1954 posita
1542 1874 1595 1934 est
1608 1860 1727 1934 brevis
1740 1861 1915 1936 namatio.
1945 1863 2049 1940 Hane

1053 1963 1215 2056 requitur
1243 1963 1465 2060 propositio,
1504 1989 1597 2058 quae
1625 1965 1786 2039 continet
1817 1966 2049 2038 consultatio·

1052 2086 1136 2134 nem
1161 2067 1205 2135 de
1235 2067 1335 2152 loco,
1368 2066 1431 2138 ubi
1460 2069 1649 2138 commode
1676 2067 1790 2161 possit
1818 2068 2050 2144 commorari.

1053 2164 1226 2240 Rationes
1249 2170 1341 2240 duae
1366 2167 1623 2254 subiiciuntur,
1662 2170 1708 2240 ab
1729 2167 1810 2240 utili
1835 2183 1872 2241 et
1894 2179 1925 2240 a*
1941 2172 2049 2246 taciti.

1053 2268 1193 2340 Deinde
1220 2271 1365 2342 additur
1393 2266 1728 2357 dehortatiuncula,
1767 2293 1814 2341 ne
1841 2271 1987 2345 Caesari
2007 2299 2051 2347 er

1053 2371 1226 2466 Hispania
1247 2371 1413 2446 redeunti
1434 2396 1470 2446 se
1487 2372 1630 2444 obviam
1655 2372 1854 2466 praeberet.
1905 2375 2050 2447 Postre-

1054 2500 1114 2546 mo
1137 2475 1286 2569 ponitur
1307 2475 1427 2549 brevis
1452 2475 1671 2560 consolatio,
1706 2474 1805 2546 cuius
1836 2489 2048 2568 argumenta

1057 2592 1199 2672 sumpta
1228 2591 1313 2650 sunt
1333 2603 1354 2652 a
1376 2577 1560 2650 communi
1582 2603 1684 2665 casu,
1718 2601 1835 2674 quem
1854 2576 1968 2649 vitare
1998 2591 2051 2656 est

1056 2681 1289 2774 impossibile.
1351 2679 1442 2754 Item
1472 2705 1493 2752 a
1525 2679 1740 2753 conscientia
1763 2693 1858 2750 recte
1879 2679 1983 2768 lacti,
2016 2694 2052 2755 et

1057 2785 1102 2853 ab
1121 2784 1199 2877 ipsa
1222 2796 1349 2860 aetate.
1385 2781 1441 2854 'ln
1463 2785 1533 2854 fine
1557 2785 1703 2856 additur
1722 2783 1931 2875 significatio
1956 2784 2053 2856 vale-

1055 2884 1209 2972 tudinis,
1236 2899 1271 2957 et
1292 2887 1416 2978 magni
1430 2885 1598 2957 desiderii
1620 2886 1820 2958 amicorum
1835 2885 1986 2959 Torani.

1225 3051 1412 3126 Scholia
1440 3055 1486 3124 in
1517 3055 1761 3148 epistolam
1787 3053 1880 3128 xxt.

1160 3183 1192 3282 ᾗ.
1210 3191 1243 3262 1.
1270 3195 1365 3277 latri,
1391 3215 1492 3286 ouum
1508 3185 1806 3290 1551515555]
1829 3188 2050 3268 Consolatio.

1055 3289 1263 3390 Orditur⁵¹)
1280 3317 1301 3361 a
1316 3293 1524 3363 narratione
1542 3316 1691 3364 suorum
1713 3292 1957 3367 consiliorum.

1159 3390 1191 3486 §.
1206 3399 1244 3470 2.
1276 3399 1371 3468 Here
1393 3391 1600 3494 ariperth]
1626 3395 1829 3490 Applicatio
1855 3398 1902 3467 ad
1925 3420 2050 3469 conso-

1054 3495 1241 3568 lationem.
1656 3509 1663 3527 ‘

1287 3699 1293 3716 .
1356 3645 1751 3746 Argumentum&

1156 3783 1319 3878 Epistola
1343 3797 1396 3855 est
1417 3783 1556 3876 generis
1576 3782 1823 3869 deliberativi,
1848 3785 2050 3858 consolato·

1055 3887 1123 3960 ria.
1175 3885 1357 3978 Proponit
1371 3887 1469 3956 enim
1486 3885 1656 3972 'l'orano‚
1683 3887 1747 3982 qui
1761 3888 1884 3958 eadem
1902 3887 2051 3964 consilia

1056 3989 1203 4062 inbelle
1219 4001 1359 4061 secutus
1372 4001 1470 4074 erat,
1495 4015 1600 4062 suum
1622 3989 1842 4082 exemplum,
1869 4002 1904 4060 et
1926 3985 2051 4062 horta·-

38 4085 75 4142 est
96 4074 188 4144 valde
209 4069 441 4142 commodum
459 4064 499 4134 in
528 4058 645 4134 hieme
668 4057 858 4150 navigare;
890 4052 1003 4171 altera
1059 4107 1139 4179 mr,
1181 4105 1223 4165 ut
1245 4117 1281 4164 se
1308 4093 1435 4164 eodem
1457 4094 1568 4164 modo
1593 4089 1662 4164 hoc
1684 4105 1847 4184 tempore
1871 4093 2051 4166 compari
2107 4113 2111 4120 -

39 4175 70 4242 de
87 4167 330 4274 commoditate
353 4169 443 4252 loci,
484 4166 523 4236 in
551 4187 623 4259 quo
646 4185 745 4234 nunc
774 4171 844 4276 est,
875 4167 917 4226 ut
942 4180 1005 4249 qur
1055 4194 1154 4267 vem·
1205 4195 1358 4266 orditur
1379 4207 1500 4268 autem
1523 4220 1543 4265 a
1567 4193 1911 4266 commemoratione
1934 4195 2051 4268 mmi-

38 4275 184 4367 possitibi
200 4276 332 4348 certior
347 4271 426 4342 fieri
441 4271 485 4341 de
502 4269 686 4338 voluntate
701 4257 1004 4378 Caesarrs.·Con-
1055 4299 1189 4370 Horum
1213 4298 1353 4369 Torani
1381 4311 1417 4369 et
1443 4321 1611 4382 suorum,
1648 4298 1748 4392 quod
1779 4321 1920 4392 ,emper
1950 4298 2050 4370 idem

41 4379 125 4451 clusio
158 4379 316 4452 continet
351 4370 633 4446 consolationem
664 4370 709 4442 ab
748 4361 938 4456 exemplrs,
982 4383 1002 4430 a
1055 4413 1206 4497 umque
1223 4400 1398 4473 senserim
1411 4401 1455 4469 de
1479 4399 1576 4470 exitu
1599 4398 1711 4470 civilis
1734 4400 1829 4472 belli·
1880 4399 1968 4470 vult
1984 4423 2047 4470 au·

39 4495 113 4598 lfili
130 4480 363 4598 fflffl⁰⁰¹5?2
399 4490 435 4595 ⁰}
455 4487 550 4546 “cla
575 4495 703 4557 ‘³⁰⁸³’
729 4493 838 4566 ‘luam
864 4477 1004 4538 “culus
1056 4517 1128 4574 tem
1152 4499 1221 4576 hoc
1243 4503 1327 4578 inde
1350 4502 1505 4586 efficere,
1542 4514 1581 4572 ut
1614 4503 1920 4598 quemadmodum
1942 4515 2047 4589 antea

40 4597 86 4668 ⁸¹¹2
109 4611 126 4655 ³
148 4608 330 4657 ⁸⁰¹¹¹¹¹¹¹¹¹¹¹
350 4579 531 4674 Pfflffll⁰²
558 4577 603 4645 ³b
626 4570 796 4658 h⁰¹¹²⁸¹02
818 4580 854 4640 ‘t
877 4569 922 4638 ab
945 4591 1004 4636 ³⁸⁶
1056 4609 1180 4679 eadem
1196 4607 1365 4676 'l'oranus
1380 4605 1549 4689 senserit,
1573 4605 1623 4674 ita
1639 4628 1737 4676 nunc
1753 4629 1898 4698 quoque
1921 4606 2048 4676 eodem

40 4697 103 4760 [λῖθ’
1055 4713 1164 4780 modo
1179 4732 1216 4780 se
1230 4707 1314 4778 velit
1335 4705 1470 4798 erigere
1493 4720 1617 4778 contra
1642 4707 1828 4779 adversam
1850 4707 2047 4781 fortunam.

62 4961 116 5022 tet]
132 4963 188 5016 tter
202 4959 393 5028 armna
407 4950 541 5020 praetem
555 4945 642 5002 ltdttt.
655 4941 850 4998 1515-1551.

64 5065 248 5132 ttlreltqreie]
264 5059 407 5113 stortura.
425 5053 513 5118 1587„
533 5049 608 5102 1515.
625 5047 654 5099 111
668 5047 746 5098 textu
764 5047 793 5096 51
812 5041 1002 5110 51551145,

90 5135 169 5200 raet,
188 5135 273 5196 1551,
290 5129 385 5193 tm,
403 5123 527 5176 1551115
544 5121 602 5174 cto.
619 5117 714 5170 rerbtr
738 5115 800 5167 1515
816 5115 900 5166 rotae
917 5123 1001 5175 pree-

91 5203 163 5270 txis,
189 5204 217 5253 tn
240 5203 316 5253 textu
339 5199 430 5249 autem
447 5192 532 5244 unet.
551 5191 646 5251 1511,
671 5186 767 5250 tuit,
793 5183 886 5247 1551,
910 5181 1001 5247 1557,

93 5272 171 5337 1515,
188 5271 263 5330 teet.
278 5281 366 5334 mene
380 5277 417 5318 ro
431 5262 482 5314 111.
501 5260 587 5312 orell.
605 5259 707 5311 retent
722 5255 848 5320 rauco.

65 5373 105 5433 11)
124 5375 179 5426 1155
197 5373 385 5497 πῃιιοιίιιιι
401 5365 501 5437 etduo
519 5360 663 5427 sequentia
680 5359 711 5410 tn
727 5356 812 5411 ruet.
827 5353 915 5421 1555,
933 5351 1002 5405 1555

93 5445 197 5496 -1555,
215 5446 310 5496 mater

1087 4967 1137 5026 so
1156 4961 1327 5018 construo.
1353 4962 1483 5025 orum]
1499 4963 1542 5014 ere
1558 4965 1600 5030 pa
1628 4963 1724 5029 roam
1741 4962 1827 5019 rua.
1848 4947 1944 5030 roeo.,'
1961 4967 2050 5034 rste,

1123 5035 1216 5100 1551,
1248 5032 1324 5086 1557.
1361 5033 1532 5085 Consolatio.
1562 5033 1677 5086 orditur
1706 5033 1813 5098 eutem
1847 5035 2046 5104 81111.-,1515.,

1122 5102 1201 5158 1511.
1219 5100 1376 5156 conducto.
1394 5101 1510 5154 orditur
1527 5103 1592 5163 (ttct.
1611 5101 1687 5153 1545.
1703 5103 1879 5164 Exordttur).

1086 5187 1137 5250 51)
1153 5189 1209 5240 Pro
1226 5187 1270 5238 tte
1285 5187 1343 5240 cte.
1360 5185 1455 5238 vertts
1470 5185 1500 5236 tr
1517 5187 1603 5239 [tutte
1622 5187 1710 5253 1515,
1728 5188 1804 5240 teet.
1822 5185 1884 5238 troie
1900 5187 1983 5239 notae
1994 5188 2048 5240 ed·

1120 5257 1229 5326 scripte
1241 5259 1307 5312 root
1323 5255 1535 5321 consquentiae
1552 5257 1663 5326 Maure
1678 5258 1754 5310 eretur
1769 5257 1944 5312 5555515115.

1082 5345 1136 5408 et)
1154 5345 1213 5401 1155
1228 5343 1537 5409 unumunurm
1555 5341 1698 5407 sequentia
1715 5341 1744 5394 tn
1760 5339 1845 5394 uun.
1864 5341 1958 5412 1555,
1975 5344 2049 5397 1515

1122 5439 1157 5454 -
1165 5413 1243 5469 1555.
1258 5412 1446 5476 repertantur.
