4584 5796
91 164 152 242 tot
214 161 339 242 XXIII.
386 161 697 244 ARGUMENTA
720 162 788 242 ΕΤ
812 163 1017 244 sottum
1040 161 1092 242 tn
1114 155 1267 241 ms'l'.
1289 159 1404 242 FAM.
1431 161 1516 244 CIC.
1541 165 1705 266 11111111.
1729 173 1806 253 ΕΡ.
1825 178 1884 256 15.
1899 184 1959 262 16.
2029 193 2105 271 810

83 313 412 424 anismam,
437 337 620 435 'siquidem
641 325 734 412 dna
755 363 776 412 a
799 308 994 415 se‘faetum
1015 338 1062 414 sit
1113 337 1295 434 loquendo
1310 335 1400 413 oum
1424 341 1659 417 familiaribus
1682 346 1861 436 Caesaris,
1899 381 1989 452 quos
2010 361 2104 438 nihil

81 453 211 534 praeter
227 441 386 512 officium
402 441 492 512 boni
511 443 619 530 civis,
651 467 727 514 nou
748 447 947 516 curandum
974 467 1061 528 esse,
1112 441 1250 513 dubitet
1263 464 1368 514 veros
1384 446 1617 520 mseamicss.
1666 449 1831 524 81111010
1854 457 1898 526 de
1921 463 2043 536 animo
2065 465 2133 540 et*

80 545 156 638 quid
170 543 232 614 alii
246 543 423 628 sentiant,
448 557 512 616 aut
526 540 804 640 reprehendant.
852 545 901 618 Et
916 546 946 618 si
966 567 1060 642 quae
1110 542 1245 614 iudicio
1271 545 1455 634 1111111111,
1496 552 1593 644 quod
1622 549 1771 625 minime
1803 581 1883 628 eum
1916 565 2101 642 offendant

77 646 244 738 pericula,
285 671 378 743 quae
409 660 548 718 metuat
576 648 730 735 Paetus,
771 647 855 718 inde
884 649 1060 734 accidant,
1110 646 1205 718 dicta
1229 645 1431 732 Ciceronis,
1473 673 1565 744 quae
1593 675 1699 744 saepe
1726 681 1847 729 amare
1869 674 1905 732 et
1926 669 2099 742 admirari

74 747 152 820 forti
185 748 309 820 animo
342 773 417 822 esse
448 750 595 822 ferenda
621 765 657 822 et
679 751 894 844 superanda.
961 750 1060 823 llaec
1109 748 1210 822 solet.
1262 749 1387 822 Tertio
1403 753 1581 824 excusatio
1600 767 1652 828 est
1673 758 1728 826 sui
1747 761 1850 848 facti,
1884 771 1981 860 quod
2006 768 2098 843 nihil

75 851 170 946 quusi
183 874 324 924 summa
345 863 399 924 est
411 853 654 945 responsionis
668 853 849 927 Ciceronis
865 853 912 923 ad
925 853 1059 946 episto·
1109 851 1221 942 egerit
1236 867 1358 924 1011113
1377 855 1531 923 officium
1547 855 1634 926 boni
1651 856 1730 930 viri.
1782 862 1904 956 Quare
1921 868 2013 942 nihil
2036 900 2096 946 cu.

73 954 138 1024 lam
168 953 285 1026 Paeti.
346 953 496 1025 Constat
525 969 644 1027 autem
673 956 806 1050 partim
835 956 1057 1042 narratione,
1107 965 1182 1038 ret,
1208 953 1348 1026 etiamsi
1370 955 1491 1052 aliqua
1514 957 1647 1027 invidia
1671 966 1854 1054 proposita
1878 969 1935 1042 sit.
1984 975 2096 1048 Addit

72 1055 199 1146 partim
214 1055 459 1127 confutatione
475 1081 621 1144 eorum,
647 1082 740 1156 quae
757 1081 776 1128 a
791 1058 906 1130 Paeto
923 1057 1054 1152 scripta
1107 1053 1214 1126 etiam
1233 1069 1441 1149 argmnenta
1455 1083 1541 1133 suae
1557 1061 1830 1151 consolationis,
1864 1094 1934 1164 qua
1958 1087 2094 1150 utatur.
2153 1147 2159 1156 ,

74 1171 183 1230 mant.
240 1157 394 1252 Reliqua
418 1159 590 1250 epistolae
617 1184 701 1253 pars
728 1172 869 1233 tantum
900 1160 938 1228 iu
968 1160 1056 1232 iocis
1104 1154 1227 1228 Altera
1244 1183 1327 1249 pars
1343 1155 1447 1231 huius
1464 1161 1634 1253 epistolae
1649 1159 1757 1236 habet
1767 1170 2023 1248 urbanissimus
2037 1201 2093 1249 sa-

68 1259 299 1332 consumitur.
367 1259 569 1334 Exordium
601 1264 745 1334 ductum
777 1277 831 1334 est
860 1287 903 1334 ex
927 1262 1055 1336 litteris
1105 1257 1175 1344 les,
1218 1261 1346 1354 quibus
1374 1263 1513 1335 iocatur
1535 1290 1615 1337 curn
1636 1265 1784 1359 Papirio
1807 1272 1850 1343 de
1870 1275 1965 1345 victu
1991 1293 2027 1349 et
2047 1279 2092 1352 de

67 1360 178 1434 Paeti.
245 1360 416 1456 Sequitur
442 1365 623 1450 narratio,
661 1365 701 1435 io
729 1389 801 1461 qua
832 1363 989 1437 ostendit
1016 1388 1054 1436 se
1103 1362 1269 1448 lautitiis,
1296 1367 1392 1459 quod
1413 1365 1575 1438 videlicet
1595 1370 1839 1461 potentiorum
1858 1378 2031 1452 conviviis
2054 1407 2092 1454 sc

67 1487 216 1556 operam
232 1465 338 1550 dare,
363 1475 406 1534 ut
420 1464 581 1540 Caesaris
595 1479 630 1538 et
654 1481 876 1540 caeterorum
896 1469 1053 1538 benevo-
1105 1465 1253 1534 omnino
1269 1469 1492 1537 assuefecerit
1515 1471 1560 1538 ud
1583 1471 1753 1543 lautiores
1779 1475 1897 1561 cibos,
1929 1503 1994 1550 1111
2018 1507 2092 1552 am-

64 1565 214 1636 lentiam
243 1564 312 1637 sibi
341 1567 517 1642 conciliet.
583 1568 794 1642 Narrationi
822 1569 978 1642 subiecta
1001 1582 1054 1643 est
1102 1564 1196 1658 plius
1211 1580 1396 1640 contentus
1414 1569 1461 1640 sit
1482 1571 1569 1644 cibis
1587 1573 1812 1662 vulgaribus,
1846 1581 2007 1674 adeoque
2028 1586 2093 1655 nbi
2120 1577 2122 1589 '

61 1667 264 1740 confutatio
286 1669 331 1740 de
353 1693 508 1761 persona
534 1670 713 1758 Caesaris,
755 1675 853 1766 quod
876 1671 1052 1760 existimet
1102 1669 1241 1739 venerit
1256 1693 1293 1741 se
1307 1671 1562 1765 requisiturum
1577 1675 1752 1745 maiorem
1769 1691 1951 1770 sumptum
1973 1697 2009 1755 et
2029 1709 2093 1779 ap·
2129 1698 2132 1715 ¹

62 1771 169 1842 illum
192 1768 341 1842 minime
363 1795 466 1864 posse
491 1773 636 1846 offendi.
701 1773 874 1846 Inseritur
896 1785 933 1846 et
953 1775 1052 1846 locus
1102 1783 1282 1863 paratum.

59 1872 287 1944 communis:
312 1871 419 1944 Bono
435 1876 513 1946 viro
531 1877 617 1947 satis
634 1888 686 1946 est
701 1890 883 1970 praestare
898 1877 1051 1970 culpam.
1413 1944 1422 1962 ,

59 1975 216 2046 Caetera
241 1975 383 2060 omnia,
423 2001 515 2072 quae
541 1977 699 2048 accidere
730 1992 900 2071 possunt,
938 1977 1053 2070 despi-
1350 1940 1486 2016 ’11ωᾶ
1518 1961 1849 2038 ariminium·

61 2079 191 2148 cienda
210 2099 301 2150 esse.
357 2077 496 2150 Deinde
518 2081 563 2149 ad
585 2081 692 2150 finem
709 2106 822 2176 usque
845 2083 1053 2153 1111111111-
1203 2076 1401 2149 Exordium
1433 2082 1478 2152 de
1509 2080 1637 2152 litteris
1669 2087 1839 2178 acceptis,
1873 2101 1908 2159 et
1927 2092 2012 2162 dato
2035 2117 2090 2167 re-

60 2179 205 2254 nissiroi
225 2180 333 2264 sales,
359 2182 489 2274 quibus
514 2181 654 2252 iocatur
677 2207 757 2252 cum
772 2184 905 2267 Paeto,
936 2206 1052 2277 aquo
1104 2201 1248 2272 sponso.
1299 2180 1469 2276 Sequitur
1483 2183 1700 2276 propositio:
1734 2187 1868 2259 Omnia
1887 2193 1972 2277 feci,
1998 2221 2090 2289 quae

63 2293 303 2354 eratvocatus
320 2283 365 2352 ad
386 2283 610 2367 convivium,
647 2285 690 2356 de
711 2285 859 2358 lautitiis
879 2285 1054 2370 videlicet,
1103 2281 1225 2350 valent
1244 2283 1291 2352 ad
1314 2283 1575 2354 conciliandum
1592 2284 1779 2357 Caesarem
1795 2301 1829 2359 11
1846 2290 2090 2370 Caesarianos.

62 2387 162 2477 quod
193 2384 266 2454 iam
296 2397 483 2458 consuetus
510 2385 682 2458 conviviis
705 2387 968 2481 potentiorum,
998 2410 1054 2458 re·
1103 2379 1234 2452 Addita
1252 2395 1306 2456 est
1319 2386 1559 2478 propositioni
1581 2387 1829 2478 amplificatio:
1855 2391 1959 2464 Nunc
1975 2399 2092 2466 omni-

61 2486 188 2580 quirat
209 2487 306 2560 cibos
328 2486 520 2572 lautiores,
556 2511 625 2558 nec
647 2503 771 2582 postea
792 2514 908 2586 aequo
931 2489 1053 2560 auimo
1103 2507 1153 2555 no
1168 2507 1242 2557 esse
1257 2487 1464 2560 conciliatos
1485 2500 1520 2557 11
1538 2488 1708 2579 rediligi,
1735 2492 1833 2584 quod
1846 2497 1977 2586 probat
1994 2513 2091 2571 certo

62 2589 157 2660 ferre
182 2589 289 2673 velit,
329 2589 393 2660 ubi
411 2591 457 2660 ud
477 2590 594 2682 ipsum
617 2590 805 2684 Papirium
826 2591 984 2676 venerit,
1016 2616 1053 2664 se
1103 2599 1338 2680 argomento,
1362 2588 1419 2659 cui
1433 2589 1631 2682 praemittit
1648 2591 1767 2662 locum
1783 2617 2011 2668 communem
2025 2625 2091 2692 per

60 2689 198 2781 repleri
220 2691 427 2782 vulgaribus
448 2702 483 2761 et
503 2693 643 2766 rusticis
667 2694 774 2780 cibis,
805 2719 843 2766 se
864 2693 1054 2790 requisitu·
1105 2691 1286 2783 quandam
1324 2691 1593 2783 occupationem
1631 2694 1675 2764 de
1711 2699 1964 2787 cognoscendis
1996 2703 2091 2776 veris

60 2815 144 2862 rum
157 2792 337 2864 maiorem
355 2805 556 2886 sumptum,
588 2807 625 2866 et
646 2796 923 2888 splendidiorem
945 2819 1055 2889 appa·
1106 2791 1240 2864 amicis.
1290 2790 1429 2862 Deinde
1445 2796 1605 2890 seqnitur
1625 2797 1810 2888 occupatio
1834 2802 1878 2870 de
1900 2805 2011 2873 facete
2036 2805 2090 2873 di-

61 2907 197 2968 ratum.
1106 2893 1190 2979 ctis,
1223 2917 1316 2987 quae
1338 2894 1445 2964 etiarn
1469 2897 1572 2979 facile
1596 2899 1730 2988 perfert
1745 2898 1894 2988 Caesar,
1926 2927 1992 2973 nec
2014 2927 2090 2973 am-

1105 2994 1198 3086 plius
1213 2994 1346 3078 credit,
1379 3019 1471 3090 quae
1493 2998 1661 3068 dicuntur
1682 3001 1727 3069 dc
1743 3000 1914 3074 Cicerone
1939 3029 1959 3074 a
1981 3009 2092 3077 male·

1105 3097 1207 3168 volis.
1268 3096 1424 3168 Additur
1447 3100 1643 3170 confutatio
1665 3102 1895 3193 suspicionis,
1926 3109 2023 3200 quod
2046 3109 2093 3180 sit

164 3195 336 3292 Papirios
350 3199 527 3294 quaedam
542 3201 732 3270 monuerat
745 3199 972 3287 Ciceronem,
992 3202 1055 3298 qui
1106 3197 1255 3268 omnino
1281 3197 1501 3290 vigilandum
1532 3213 1681 3294 propter
1706 3205 1902 3276 multorum
1933 3208 2090 3284 insidias.

61 3323 99 3371 se
118 3301 359 3372 coniunxerat
377 3301 614 3372 familiaribus
630 3301 810 3387 Caesaris,
835 3304 993 3395 primum
1009 3328 1054 3374 ne
1105 3285 1237 3396 Estque
1251 3296 1340 3371 haec
1354 3304 1546 3373 sententia:
1573 3299 1672 3374 Nihil
1686 3327 1782 3376 nunc
1801 3303 1892 3376 mihi
1913 3309 2022 3380 timeo
2046 3311 2091 3380 ab

60 3403 219 3474 nimium
236 3404 361 3474 fideret
375 3402 551 3473 amicitiae
567 3403 730 3486 illornm;
756 3405 885 3476 deinde
902 3418 1055 3492 caveret,
1105 3401 1242 3473 insidiis
1269 3416 1304 3473 et
1325 3403 1473 3474 invidia.
1524 3405 1786 3497 Ratiosumpta
1802 3421 1856 3479 est
1871 3433 1913 3479 ex
1927 3406 2091 3497 honesto,

61 3529 107 3574 111
125 3530 193 3577 sua
212 3507 251 3576 in
264 3506 447 3600 loquendo
463 3505 626 3575 libertate
640 3507 837 3578 offenderet
850 3507 1054 3590 Caesarem;
1106 3518 1142 3574 11
1159 3529 1201 3574 ex
1215 3505 1331 3575 officio
1348 3507 1522 3578 versantis
1539 3507 1577 3575 in
1590 3508 1771 3581 servitute.
1816 3508 1972 3582 Additur
1986 3526 2021 3583 11
2035 3536 2091 3599 31,-

59 3621 250 3698 postremo
267 3607 440 3698 cogitaret
452 3631 489 3680 se
508 3631 581 3679 esse
595 3611 690 3701 apud
711 3609 842 3682 multos
864 3611 902 3678 in
924 3633 1054 3703 magna
1106 3621 1313 3699 gumentum
1327 3605 1404 3676 vice
1421 3609 1657 3679 conclusionis
1671 3610 1716 3678 ab
1734 3611 1915 3702 exemplis.
1947 3613 2091 3684 Postre-

60 3710 204 3780 invidia
221 3723 371 3803 propter
386 3705 612 3795 hocfactum,
638 3712 736 3805 quod
754 3737 791 3782 se
805 3713 953 3782 omnino
971 3737 1055 3784 coo·
1105 3732 1166 3777 mo
1194 3709 1273 3778 loco
1302 3709 1537 3780 urbanissime
1566 3709 1705 3782 iocatur
1733 3724 1879 3782 vocatus
1904 3712 2092 3784 111101111-

60 3810 242 3886 iunxisset
264 3811 411 3884 Caesari
438 3825 473 3882 et
497 3812 593 3884 illius
615 3813 861 3886 familiaribus.
930 3805 1067 3886 Cicero
1105 3810 1203 3880 vium
1226 3808 1413 3902 aPapirio
1435 3835 1510 3881 non
1533 3810 1636 3882 valde
1657 3811 1786 3903 frugali
1808 3809 1960 3908 hospite.
2011 3815 2091 3888 Est-

60 3911 191 4009 itaque
206 3911 314 4011 bart)
332 3915 479 4008 epistola
495 3914 621 3985 ordine
637 3921 683 3983 ad
697 3915 833 4007 singula
853 3918 1055 4008 respondet,
1106 3933 1175 4006 que
1203 3907 1309 3982 huius
1338 3911 1408 3980 loci
1427 3909 1526 3982 baec
1556 3937 1714 3984 summa:
1761 3914 1873 4006 Cura,
1907 3919 2090 4015 1111111111,

58 4015 234 4088 videlicet
257 4017 303 4088 de
328 4017 566 4088 familiaribus
590 4015 771 4100 Caesaris,
804 4019 853 4088 de·
871 4019 948 4112 ipso
969 4018 1056 4090 Cae·
1106 4026 1281 4110 quantum
1303 4013 1380 4084 fieri
1399 4027 1534 4107 potest,
1573 4041 1631 4088 1111
1655 4015 1819 4109 excipias.
1876 4012 2091 4110 Vulgaribus

60 4141 168 4204 sare,
195 4133 232 4190 et
247 4121 291 4190 de
304 4143 369 4190 suo
384 4121 499 4204 facto,
525 4119 623 4214 quod
637 4119 742 4190 multi
757 4119 973 4213 vituperant.
1014 4119 1055 4190 In
1107 4117 1203 4186 enim
1220 4115 1356 4187 deliciis
1373 4141 1448 4188 non
1461 4131 1563 4203 utor,
1586 4118 1668 4213 quia
1685 4121 1888 4214 frequenter
1907 4122 2092 4196 convivari

60 4213 122 4292 his
135 4221 256 4294 tribus
273 4221 448 4314 capitibus
464 4221 671 4314 principalis
683 4245 768 4315 pars
785 4224 954 4316 epistolae
972 4245 1055 4294 con·
1106 4219 1203 4292 soleo
1220 4218 1434 4306 conflictio
1453 4232 1488 4293 11
1502 4219 1700 4292 Dolabella.

61 4325 235 4398 sumitur.
269 4323 363 4396 Nam
378 4338 501 4417 postea
518 4325 627 4394 altera
643 4325 816 4419 sequitur,
842 4349 934 4420 quae
948 4327 1055 4419 plane

62 4439 118 4496 est
134 4427 258 4498 iocosa
273 4428 318 4496 de
332 4427 429 4498 victu
447 4426 643 4522 utriusque.
693 4426 810 4497 Porro
831 4424 924 4498 hano
948 4429 1056 4499 etiarn

65 4527 262 4620 epistolam
274 4552 385 4599 unam
400 4551 473 4600 esse
490 4552 533 4598 er
547 4527 768 4621 praecipuis,
792 4525 875 4599 hinc
896 4531 981 4602 satis
995 4555 1057 4623 ap·
1089 4597 1099 4612 ,
1208 4524 1403 4596 Exordium
1424 4537 1604 4618 sumptum
1620 4539 1672 4598 est
1691 4549 1710 4596 3
1729 4527 2020 4620 comprobatione
2034 4529 2093 4600 lit·

65 4644 193 4721 paret,
219 4633 318 4727 quod
335 4631 410 4724 ipse
430 4630 554 4702 Cicero
581 4653 661 4701 earn
684 4635 912 4702 commendat
924 4634 1056 4705 Attico.
1110 4630 1266 4699 terarum
1290 4627 1419 4721 ipsius,
1454 4627 1511 4697 cui
1531 4628 1717 4700 subiicitur
1738 4629 1921 4714 narratio,
1956 4629 1994 4700 in
2019 4653 2090 4725 qua

68 4731 225 4806 Orditur
245 4757 266 4802 a
293 4733 602 4803 commendatione
622 4733 821 4806 litterarum
837 4733 995 4827 Papirii,
1019 4736 1058 4806 in
1109 4741 1367 4801 commemorat
1380 4753 1417 4799 se
1433 4753 1578 4824 operam
1592 4732 1701 4815 dare,
1729 4742 1771 4800 ut
1790 4730 2036 4803 sibi-Caesaris
2056 4744 2093 4801 11

68 4861 139 4930 qua
156 4835 373 4926 singularem
392 4837 500 4905 fidem
524 4849 559 4906 et
583 4859 704 4933 curam
727 4838 962 4930 perspexerit,
997 4841 1058 4908 ad·
1110 4842 1330 4904 caeterorum
1344 4829 1629 4908 benevolentiam
1646 4832 1820 4906 conciliet.
1867 4829 2040 4906 Inseritur
2058 4845 2094 4903 11

72 4939 148 5010 dita
164 4937 351 5011 occasione
373 4937 562 5010 scribendi.
617 4937 746 5008 Postea
771 4939 913 5011 subiicit
934 4963 1059 5010 narra-
1109 4935 1275 5027 purgatio
1293 4936 1336 5005 de
1357 4937 1447 5008 salse
1469 4935 1590 5020 dictis,
1623 4957 1734 5031 quare
1757 4935 1800 5005 iis
1823 4935 1997 5006 existimet
2017 4957 2092 5003 non

72 5041 228 5126 tionem,
255 5061 346 5134 quae
362 5039 582 5112 consumitur
596 5038 634 5107 in
649 5042 903 5113 confutatione.
916 5049 922 5052 ’
935 5042 1060 5112 Ρ111110
1112 5036 1245 5106 offendi
1259 5037 1470 5123 Caesarem,
1503 5061 1574 5132 quo
1589 5037 1668 5108 loco
1685 5051 1720 5109 et
1732 5037 1915 5130 ingenium
1933 5035 2092 5106 Caesaris

77 5147 118 5216 de
147 5169 211 5217 sua
240 5142 432 5236 prudentia
455 5153 491 5212 et
514 5141 760 5214 moderatione
784 5143 823 5213 in
843 5145 997 5216 vivendo
1028 5157 1063 5216 et
1110 5138 1289 5213 laudatur.
1331 5142 1459 5213 Postea
1477 5139 1576 5210 addit
1587 5141 1706 5212 locum
1722 5162 1960 5222 communem,
1983 5159 2093 5230 quare

317 3060 457 3135 Aliud
484 3075 809 3156 argumentum.

1321 4389 1458 4461 Aliud
1482 4401 1798 4482 argumentum
1815 4391 1874 4489 ¹⁰).

1113 5295 1317 5312 m

114 5377 227 5440 1111111]
244 5375 296 5430 tto
317 5375 393 5429 tros.
410 5388 508 5428 errore
524 5378 652 5442 typognz
678 5377 754 5430 baso.
820 5431 833 5448 ⁵
1149 5371 1197 5433 111)
1216 5373 1274 5425 ltoo
1290 5375 1480 5437 argumentum
1497 5371 1636 5516 1210111111.
1654 5369 1844 5424 taut-159⁰.
1864 5368 2011 5422 1111111111.
