4548 5788
35 167 120 242 eea
275 165 417 240 mxv.
460 165 862 240 mrnarnnrarro
888 165 1158 244 onauonrs
1181 167 1526 246 nnuosranms
1552 170 1626 260 nn¹
1645 139 1858 250 Conona
2013 175 2091 252 aas

32 341 461 446 hymiadmeoonldaa,
483 301 660 429 peciam
682 346 885 416 mentionem
906 340 1040 433 satas,
1092 339 1181 412 dum
1210 343 1384 428 surrexit,
1433 369 1515 416 cum
1547 345 1693 441 quidem
1726 348 1891 422 adessent
1919 359 1955 420 et
1984 351 2091 426 duces

32 457 73 520 et
85 447 235 536 spatium
251 447 297 516 od
310 446 565 516 domm
576 447 773 534 pondua,
800 448 985 520 mnata
1002 450 1062 542 in·
1093 467 1219 517 omnes
1234 460 1270 517 et
1283 459 1446 519 oratores
1462 473 1599 521 omnes.
1650 449 1745 521 Vere
1768 463 1887 523 autem
1909 447 1998 522 haec
2019 477 2091 528 vox
2229 525 2237 532 ,

33 575 79 622 re
92 575 117 620 o
130 547 228 618 nodis
241 549 328 620 laesi
343 551 434 620 sitia.
486 551 557 639 Epa
574 549 1042 643 adremuneraretur
1091 550 1396 640 praeconis-iuxta
1413 551 1507 644 leges
1522 553 1618 622 edita
1638 554 1750 646 ipsius
1770 555 1910 647 patriae
1931 579 2003 626 vox
2026 547 2103 629 ests

33 653 601 740 iuormpostulotiseteean‘liia,
625 661 659 722 et
675 665 821 744 paratam
842 676 918 725 som
937 656 1041 724 inda·
1091 649 1175 722 lam
1209 665 1363 722 vocante
1404 655 1521 745 patria
1560 655 1590 727 si
1630 658 1777 750 prodire
1817 681 1959 732 necesse
2000 671 2092 734 esset

36 761 116 830 cios
138 755 306 826 dodisma
325 753 460 847 soem,
485 759 519 825 si
541 779 615 839 eoa,
649 761 709 852 qut
728 760 820 829 oodle
841 757 935 828 molo
956 779 1039 828 con·
1093 777 1238 840 omnes,
1272 756 1337 849 qui
1356 757 1614 850 rempublicam
1643 762 1779 830 salvam
1806 785 1880 832 esse
1901 763 2031 834 volunt
2055 776 2091 834 et
2225 797 2228 804 ⁴

34 861 125 932 astte
141 862 244 944 dont,
270 860 606 944 oaodiadims‘tts'tie,
632 871 741 946 deo,
775 885 875 957 quom
897 883 1041 934 comme·
1092 871 1239 950 optant,
1265 883 1329 928 vos
1348 883 1474 932 omnes
1489 861 1527 929 in
1541 875 1745 962 suggestum
1769 867 1959 935 ascendere
1982 867 2089 936 debe·

33 972 206 1046 maone,
231 965 423 1054 nonnata
436 959 609 1051 officiolo.
666 963 793 1038 ratae.
1090 961 1197 1042 retis;
1225 961 1388 1033 omnium
1406 963 1501 1033 enim
1516 965 1682 1038 voluntas
1706 989 1790 1058 erga
1814 967 1973 1061 patriam
1996 958 2112 1061 opti-¹

1092 1089 1152 1134 ma
1172 1077 1237 1137 est.
1287 1065 1327 1136 si
1341 1090 1428 1137 vero
1445 1067 1637 1140 ditissimos
1653 1071 1800 1162 prodire
1822 1094 1964 1144 necesse
1985 1084 2089 1157 esset,

289 1152 538 1243 Responsio
564 1151 795 1223 Thebanis.
1093 1169 1282 1260 prodirent
1298 1170 1461 1242 trecenti.
1520 1169 1560 1240 Si
1582 1185 1735 1267 utraque
1758 1173 1799 1242 in
1820 1198 1860 1244 re
1881 1173 2089 1246 excellentes

34 1291 269 1360 Mamm
292 1313 360 1360 m
384 1288 563 1378 pgrpffppu,
585 1291 732 1360 &mg
748 1290 932 1385 muroque
950 1291 1039 1361 m.
1091 1271 1342 1344 benevolentia
1379 1297 1464 1365 erga
1500 1274 1655 1366 patriam
1685 1289 1721 1364 et
1752 1276 1899 1368 opibus,
1945 1277 2090 1363 caeteri,

319 1383 486 1462 pamm
505 1395 648 1464 ,aluam
667 1396 763 1466 dicae,
1091 1373 1221 1446 deinde
1254 1374 1526 1468 locupletiores,
1578 1379 1642 1472 qui
1667 1380 1808 1470 magnis
1838 1380 2090 1452 collationibus

1090 1477 1219 1549 iuvant
1245 1479 1424 1570 patriam,
1462 1479 1664 1572 prodirent.
1730 1482 1800 1552 Sed
1831 1494 1972 1576 tempus
2000 1484 2091 1554 illud

1092 1593 1128 1652 et
1150 1581 1226 1653 dies
1250 1581 1310 1650 illa
1331 1605 1408 1652 non
1430 1584 1540 1653 modo
1562 1583 1777 1657 benevolum
1800 1597 1836 1654 et
1860 1586 2008 1658 divitem
2036 1583 2091 1656 vi-

1091 1708 1173 1755 rum
1205 1685 1378 1770 vocabat,
1417 1689 1480 1757 sed
1508 1687 1638 1772 talem,
1677 1687 1741 1782 qui
1770 1685 1825 1760 his
1854 1689 2008 1781 negotiis
2044 1689 2090 1760 ab

145 1551 270 1637 Accepi
297 1547 473 1638 epistolam
501 1557 667 1632 marom,
708 1572 793 1644 quoe
813 1572 941 1620 mecam
959 1573 1039 1620 con·

35 1654 247 1726 investionem
267 1655 360 1723 inter
383 1675 444 1722 noa
472 1660 623 1722 mutuom
649 1659 682 1720 et
710 1674 826 1740 pacem
855 1655 1039 1724 reomatis.

41 1760 275 1830 strumam
299 1756 401 1840 “mlii
416 1753 640 1828 ‘illenim'
661 1777 756 1824 ‘'mm‘'
779 1757 1040 1850 ”diffidam
1091 1785 1204 1859 iniu’is
1233 1787 1471 1872 interfuisset,
1517 1802 1553 1860 et
1580 1792 1644 1886 qui
1671 1805 1767 1864 recte
1798 1792 2090 1877 ratiocinaretur,

39 1857 164 1948 “lim'‘
186 1869 220 1930 θ’
238 1863 414 1942 honorem,
439 1869 478 1930 ¹⁴²
501 1859 692 1948 “Pl'r0l‘ll3
707 1881 769 1943 θα»
800 1883 886 1953 ‘1¹⁴⁰‘
906 1885 929 1930 α
949 1860 1041 1932 ”⁰⁶3⁸
1092 1891 1181 1986 quid
1195 1891 1386 1964 moliretur
1400 1888 1525 1966 hostis.
1574 1894 1668 1966 Nam
1690 1895 1753 1989 qui
1774 1889 1862 1964 haec
1881 1919 1999 1990 neque
2021 1917 2090 1966 no·

37 1961 225 2052 postulant.
289 1967 343 2035 Ao
362 1965 514 2050 primone
536 1965 670 2056 quidem
689 1963 951 2036 condemnabam
971 1986 1040 2046 vos,

36 2073 221 2190 dimin?
242 2067 328 2163 ‘lm
349 2067 550 2188 ‘’stimi“
569 2068 651 2136 ’καθ
673 2068 901 2191 ἼΜΨΨ
911 2089 1040 2192 ‚mm
1092 2098 1232 2170 etiamsi
1247 2099 1499 2172 benevolentia
1522 2122 1606 2193 erga
1625 2101 1807 2172 civitatem
1825 2123 1866 2170 ac
1882 2100 2018 2172 divitiis
2031 2123 2091 2172 er·

37 2192 238 2307 P'rmm‘l’
271 2179 304 2240 ‘¹
332 2191 429 2262 ’ΨΜ
454 2191 571 2240 ‘mm
587 2173 751 2294 ,ΜΨ
774 2179 808 2240 ⁶²
835 2180 1040 2244 'nmmum'
1092 2203 1255 2286 calleret,
1281 2214 1402 2274 tamen
1424 2226 1541 2298 neque
1563 2204 1653 2276 scire
1673 2217 1838 2298 poterat,
1872 2203 1961 2300 quid
1983 2225 2091 2296 agen·

38 2276 73 2342 R
81 2294 146 2339 “²²⁰
159 2295 270 2397 ”mg
281 2281 500 2367 7³⁰⁰l⁰al¹⁴⁰m
513 2276 702 2344 mmmm
716 2296 773 2343 ⁰⁰⁸
786 2283 924 2344 'mm'
943 2297 1041 2396 ’θῦμ’
1093 2307 1180 2376 dum
1197 2317 1307 2389 esset,
1332 2329 1449 2402 neque
1461 2307 1682 2399 reipublicae
1699 2307 1888 2378 consilium
1905 2307 2005 2378 dare.

38 2383 97 2446 tas
113 2386 370 2500 esserptcones,
396 2383 428 2443 et
443 2377 807 2502 pocempotimeokre
829 2401 931 2470 psam
951 2379 1042 2448 olto-
1196 2408 1296 2480 Talis
1319 2405 1438 2481 mem
1463 2435 1506 2481 eo
1530 2410 1588 2480 die
1611 2435 1677 2503 ego
1700 2409 1773 2494 fui,
1813 2431 1886 2504 quo
1912 2409 1970 2480 die
1997 2429 2090 2504 qu„

38 2499 122 2596 ’Ψ
136 2503 231 2576 ‘illu‘
244 2481 407 2563 milwe
433 2480 528 2550 ΜΨ
537 2505 676 2605 ΜΨ
691 2502 787 2564 ”⁹¹⁵
812 2489 848 2553 ‘i
863 2503 939 2550 ‘m
953 2479 1042 2550 '¹⁸⁸³'
1093 2533 1175 2582 mea
1197 2511 1307 2583 luerit
1331 2513 1469 2598 oratio,
1486 2547 1490 2552 ’
1510 2535 1644 2608 quaeso
1669 2526 1819 2608 propter
1839 2511 1928 2585 duas
1954 2533 2091 2596 causas,

37 2587 90 2650 ι’*
106 2603 145 2652 ²⁸³
166 2584 266 2654 ’Ῥω
280 2606 338 2654 ¹²⁰⁸
351 2589 455 2705 ‘mles‘
468 2581 698 2708 lammf'fb
733 2606 892 2655 ”mm
905 2607 1042 2710 Wf‘*
1093 2627 1136 2686 ut
1154 2613 1347 2708 diligenter
1369 2615 1535 2688 audiatis.
1600 2617 1704 2702 Une,
1744 2629 1786 2688 ut
1816 2615 2017 2708 agnoscatis
2046 2635 2091 2684 eo

34 2703 106 2769 ΡΜ
120 2683 240 2770 lam»
264 2689 351 2782 ‘lm’d
366 2693 496 2808 sulm?
511 2688 701 2811 ‘iidffll‘f’
734 2695 769 2758 θ’
783 2699 972 2759 “mmmm
985 2713 1043 2760 ”⁸⁶
1094 2730 1259 2812 tempore
1280 2741 1339 2790 me
1360 2743 1475 2791 unum
1502 2719 1651 2791 caeteris
1672 2719 1872 2790 tacentibus
1894 2741 1971 2790 non
1992 2720 2092 2790 dese-

35 2793 96 2854 m
110 2810 172 2859 '³⁰⁸
186 2812 261 2858 “m
282 2789 509 2860 mmmm
528 2794 694 2862 ‘'wat''
713 2813 932 2875 ‘mmm’
957 2795 1044 2886 ‘W
1094 2822 1210 2896 ruisse
1239 2823 1359 2894 locum
1391 2820 1684 2909 benevolentiae,
1725 2822 1788 2918 qui
1811 2817 1904 2892 mihi
1926 2845 1947 2894 a
1971 2819 2092 2916 patria

33 2889 134 2960 vobis
159 2915 227 2960 non
246 2915 391 2980 parvum
413 2892 601 2964 aucturam
620 2917 692 2965 ease
714 2904 916 2967 momentum
932 2916 1042 2984 spero,
1093 2927 1250 2997 traditus
1282 2926 1369 3007 sui„
1418 2928 1479 2998 sed
1499 2926 1540 2996 in
1564 2938 1666 2997 [amo
1689 2923 1906 3018 reipublicae
1928 2923 2091 3020 periculo

37 2991 77 3061 ’ἰ
90 2997 130 3064 i'l
143 2995 205 3066 ’Μ
219 3005 309 3066 ΜΓ
310 3019 329 3066 ⁰
342 3018 387 3086 ΡΥ
388 2998 512 3084 0Ρωῖῗο
527 3019 666 3068 'mm'
667 2999 737 3069 ω’·
794 2997 920 3068 mie·
1094 3030 1202 3100 fidem
1216 3029 1256 3104 iu
1271 3028 1423 3099 dicendo
1439 3040 1475 3099 et
1491 3028 1531 3099 in
1550 3027 1747 3102 scribendis
1766 3027 1919 3098 decretis
1941 3026 2093 3120 praesti·
2116 3045 2119 3062 ¹

148 3128 241 3200 Cum
262 3126 333 3202 hoc
347 3133 458 3200 modo
480 3129 666 3202 civitatum
686 3133 887 3206 voluntates
908 3128 1042 3204 horum
1096 3132 1196 3213 tissc3
1231 3132 1361 3203 deinde
1383 3131 1468 3229 quia
1491 3128 1562 3203 hoc
1585 3133 1713 3227 exiguo
1729 3143 1892 3222 tempore
1906 3127 2094 3202 multant-

38 3255 157 3328 opera
172 3231 371 3306 disiunctae
386 3246 521 3318 essem,
555 3247 591 3304 et
603 3231 794 3330 Philippus
815 3232 870 3306 his
892 3238 1043 3310 decretis
1094 3235 1218 3322 scetis,
1251 3235 1398 3332 quaein
1412 3247 1598 3328 posterum
1622 3237 1661 3305 in
1679 3233 1941 3328 gubernatione
1966 3231 2094 3304 memi-

36 3349 81 3408 et
95 3337 391 3429 responsionibus
406 3336 575 3408 incitatus
590 3353 702 3423 esset,
727 3340 829 3411 venit
844 3361 924 3410 cum
943 3363 1043 3412 exer·
1094 3340 1188 3412 nisse
1202 3337 1378 3433 proderit.
1429 3337 1595 3410 Primum
1609 3338 1720 3433 igitur
1735 3337 1905 3424 dirieos,
1931 3334 1995 3433 qui
2009 3358 2094 3429 pro·

37 3441 140 3526 citu,
166 3439 379 3514 etEla'taam
397 3439 608 3534 occupavit,
640 3466 790 3536 sperans
812 3465 1042 3540 nequaquam
1093 3457 1218 3538 pterea
1235 3443 1455 3514 consternati
1471 3456 1594 3529 erant,
1620 3445 1719 3538 quod
1735 3441 1986 3514 existimabant
1997 3434 2096 3510 The·

35 3545 209 3616 futurum
229 3569 325 3630 esse,
354 3557 540 3616 utrursus
562 3569 628 3615 vos
649 3560 685 3616 et
698 3545 867 3620 Thebani
893 3548 1043 3621 coninn-
1092 3550 1209 3619 banos
1229 3542 1401 3640 Philippo
1435 3547 1570 3618 amicos
1598 3567 1694 3631 esse,
1730 3544 1827 3628 lolli,
1868 3567 1936 3615 nec
1957 3545 2095 3630 videre,

39 3646 234 3740 geremini.
294 3648 421 3743 Qualis
447 3659 566 3718 autem
585 3659 671 3719 trrnc
686 3649 725 3718 in
740 3651 831 3720 urbe
847 3651 1041 3742 trepidatio
1095 3650 1183 3746 quid
1206 3661 1385 3740 ageretur.
1424 3647 1535 3719 -Nam
1559 3647 1591 3719 si
1611 3647 1682 3718 illis
1705 3647 1918 3732 confideret,
1951 3645 2094 3716 audire-

35 3753 174 3835 fueris,
199 3749 266 3824 etsi
286 3749 518 3836 meministis,
542 3762 666 3821 tamen
686 3753 808 3823 audite
830 3774 963 3846 quaeso
987 3774 1043 3837 ea,
1093 3777 1174 3822 mus
1200 3775 1283 3822 eum
1311 3772 1388 3819 non
1411 3747 1451 3818 in
1472 3747 1619 3834 Elatea,
1659 3749 1783 3842 sedin
1805 3749 1939 3822 nostris
1961 3749 2094 3820 linibus

39 3873 141 3952 quae
157 3857 203 3926 ad
218 3850 313 3926 hanc
327 3879 472 3928 causam
488 3855 687 3925 necessaria
708 3867 805 3927 suut.
860 3854 950 3926 Erat
969 3855 1044 3926 iam
1095 3877 1181 3926 esse.
1240 3851 1349 3922 Venit
1371 3853 1482 3945 igitur
1499 3877 1563 3938 eo,
1595 3863 1637 3924 ut
1651 3847 1818 3924 Thebani
1840 3853 1941 3946 prius
1963 3849 2095 3924 domiti

39 3980 217 4051 vespera,
243 3959 461 4032 consubito
485 3958 634 4029 advenit
654 3957 824 4044 nuntius,
857 3958 921 4052 qui
940 3981 1043 4029 sena·
1094 3953 1187 4028 nihil
1202 3955 1404 4050 impediant
1421 3969 1582 4042 caetera,
1616 3981 1710 4052 quae
1732 3957 1893 4030 molitur.
1950 3958 2004 4028 Ac
2030 3980 2094 4028 au·

37 4061 100 4136 tui
116 4061 419 4135 narratElateam
443 4071 654 4154 occupatam
680 4085 767 4134 esse.
825 4058 953 4132 Statim
977 4061 1044 4156 igi·
1095 4061 1188 4148 dite,
1210 4061 1317 4155 quale
1340 4060 1530 4132 consilium
1554 4083 1628 4132 esse
1651 4059 1727 4132 eius
1752 4059 1918 4133 dixerim.
1975 4057 2096 4131 Habet

39 4180 108 4238 tur
123 4178 276 4259 surgunt
289 4167 413 4237 relicta
437 4189 568 4250 coena,
602 4177 639 4235 ct
659 4165 699 4236 in
718 4166 822 4249 foro,
857 4163 978 4235 etalii
1001 4186 1044 4236 er
1097 4164 1273 4238 obnoxios
1289 4165 1358 4236 sibi
1371 4164 1548 4260 plurimos
1565 4160 1719 4248 Thebis,
1745 4187 1836 4259 quos
1857 4175 1920 4234 aut
1939 4161 2093 4258 pecunia

38 4270 206 4366 pergulis
220 4264 386 4342 homines
404 4269 606 4361 expellunt,
629 4269 796 4368 pergulas
813 4268 909 4361 ipsas
923 4269 1045 4344 incen-
1096 4289 1348 4362 corrumpere,
1397 4278 1460 4338 aut
1486 4265 1716 4338 simulatione
1742 4267 1908 4360 decipere
1939 4264 2093 4358 poterin

40 4375 162 4457 dunt,
198 4374 263 4446 alii
282 4375 389 4446 duces
411 4385 598 4444 accersunt
627 4386 664 4443 et
692 4371 908 4456 tubicinem,
948 4385 984 4442 et
1005 4371 1045 4444 in
1095 4376 1158 4446 sed
1177 4371 1310 4468 reliqui
1326 4383 1410 4443 sunt
1428 4369 1555 4454 multi,
1587 4369 1651 4465 qui
1672 4372 1921 4441 adversantur.
1971 4367 2093 4461 Prope

41 4489 126 4550 tota
139 4477 229 4548 urbe
243 4477 375 4572 passim
392 4476 568 4548 unnultus
583 4490 672 4551 erat.
729 4475 909 4548 Postridie
925 4475 1045 4568 prima
1096 4476 1207 4569 igitur
1222 4473 1415 4548 exercitum
1434 4472 1603 4559 adduxit,
1628 4485 1671 4544 ut
1685 4485 1828 4546 ostenso
1845 4486 1983 4543 terrore
2003 4471 2095 4553 ami·
2183 4509 2188 4516 ·

39 4581 126 4651 luce
143 4594 289 4652 senatus
311 4581 350 4650 in
373 4579 492 4666 curia,
522 4580 679 4673 populus
701 4579 936 4650 inconcione
961 4604 1046 4650 con·
1097 4581 1147 4654 cis
1161 4579 1323 4651 animum
1340 4579 1507 4662 adderet,
1532 4587 1569 4647 et
1582 4575 1854 4648 adversantibus
1877 4585 2015 4648 metum
2038 4573 2096 4644 in·

41 4683 230 4756 veniebat.
285 4681 333 4755 Et
351 4683 564 4778 priusquam
587 4696 731 4756 senatus
753 4695 945 4775 rogaretur
966 4705 1046 4756 sen·
1097 4695 1252 4767 eutecet,
1277 4693 1319 4753 ut
1337 4681 1395 4750 vel
1415 4679 1547 4751 timore
1568 4681 1755 4764 cederent,
1785 4679 1844 4749 vel
1865 4677 1902 4748 vi
1924 4699 2095 4772 cogeren-

39 4787 193 4872 tcntias,
216 4799 254 4858 et
265 4786 386 4880 prima
401 4787 613 4858 deliberatio
632 4788 744 4872 beret,
769 4786 937 4858 universa
953 4787 1046 4859 mul·
1097 4801 1158 4859 tur
1180 4786 1354 4856 adiuvare
1375 4782 1650 4853 Macedonicum
1674 4805 1808 4874 regem.
1873 4777 1950 4851 lam
1973 4781 2005 4854 si
2027 4803 2096 4856 nos

41 4891 167 4968 titudo
181 4889 221 4960 in
235 4891 412 4964 subselliis
430 4893 654 4962 consederat.
709 4889 779 4961 liic
800 4915 880 4962 cum
902 4903 1046 4964 senatus
1097 4888 1167 4963 hoc
1181 4901 1344 4984 tempore
1358 4898 1510 4980 propter
1523 4897 1661 4956 veteres
1677 4885 1893 4978 offensiones
1907 4881 2096 4956 Thebanis

41 4995 87 5066 in
107 4994 319 5068 concionem
331 4995 498 5088 prodiret
512 5007 550 5065 et
572 4996 739 5066 nuntiata
761 5007 977 5088 exponeret,
1004 5016 1047 5066 ac
1096 4989 1264 5065 diffidere
1283 4989 1525 5072 voluerimus,
1563 4999 1739 5083 tanquam
1759 4987 1841 5062 -sint
1865 4989 1905 5058 in
1933 4983 2097 5060 hostium

42 5099 201 5172 nunnus
212 5101 386 5170 adductus
407 5123 486 5170 rem
509 5110 677 5167 narraret
697 5098 794 5191 ipse,
826 5122 959 5192 praeco
981 5121 1047 5191 pu·
1097 5095 1279 5191 partibus,
1318 5093 1479 5188 primum
1508 5091 1547 5160 id
1576 5091 1767 5176 faciemus,
1807 5092 1906 5187 quod
1938 5089 2097 5160 maxime

43 5201 144 5274 blica
162 5227 251 5277 voce
263 5203 482 5294 interrogat:
515 5200 606 5294 Quis
620 5202 666 5272 de
682 5214 786 5272 tanto
799 5202 960 5295 periculo
976 5200 1047 5271 rei·
1097 5195 1287 5292 Philippus
1303 5205 1425 5290 optat,
1450 5191 1581 5266 deinde
1597 5207 1720 5266 metuo
1734 5196 1832 5277 lore,
1862 5204 1924 5276 ut,
1957 5191 2023 5287 qui
2044 5192 2098 5263 ibi

45 5306 216 5400 publicae
239 5305 398 5378 dicturus
421 5304 478 5377 sit.
538 5303 637 5374 llaec
659 5330 730 5376 vox
751 5330 833 5376 cum
856 5305 1047 5401 aliquoties
1099 5301 1386 5374 adversabantur
1399 5296 1567 5370 desertio
1581 5299 1690 5369 nobis
1710 5296 1931 5386 coniungent
1951 5319 1989 5367 se
2013 5319 2096 5368 cum

49 5433 71 5478 a
91 5433 272 5502 praecone
287 5407 439 5504 repetita
455 5419 565 5494 esset,
598 5421 722 5480 tamen
741 5432 850 5480 nemo
865 5411 913 5480 ad
929 5407 1048 5480 dicen-
1101 5403 1287 5492 bostibm
1325 5415 1363 5474 et
1377 5401 1501 5577 5ssmpul
1526 5401 1672 5496 utrique
1694 5399 1734 5470 in
1754 5397 1914 5470 Atticam
1936 5399 2096 5476 veniant.

1091 1995 1220 2079 visset,
1245 2017 1363 2091 neque
1385 1997 1502 2067 multo
1528 2009 1613 2068 ante
1635 1998 1794 2070 studiose
1818 1996 2089 2083 considerasset,
