4548 5788
135 179 143 192 “
261 177 338 258 ato
733 229 737 236 -
841 171 966 248 em.
1000 171 1114 246 MEL.
1146 167 1350 244 SCRIPTA
1381 167 1720 244 PlllbOLOGlGA.
2181 177 2225 250 lli

215 353 217 358 ’
254 355 406 446 prediis,
432 347 721 441 rodsitsscieadc
737 351 906 432 iocaris,
932 371 1008 419 cum
1020 350 1171 420 Senatus
1194 371 1250 418 eo-
1302 321 1542 428 distrahebat,
1585 369 1665 416 curu
1696 343 1828 438 singuli
1859 367 1932 414 nou
1968 343 2063 414 aliter
2090 367 2153 414 esse
2176 347 2229 414 sahi

166 491 171 500 ·
258 465 378 538 roms
403 461 604 524 romonem
614 451 924 540 populoreorooet,
957 453 1165 520 inconcione
1185 471 1251 538 pu-
1301 458 1464 539 possent,
1491 447 1560 518 nisi
1576 442 1644 516 hoc
1660 471 1735 518 uno
1754 447 1923 530 consilio,
1954 445 1984 516 si
2005 443 2164 514 coniuncti
2181 473 2230 518 cau

257 561 365 641 blica,-
389 545 1030 646 molctacoostitutaertdlltoleow).
1300 549 1551 643 reprimerent.

363 657 461 726 llaec
474 666 616 726 accusat
637 653 676 721 in
697 653 853 724 decreto.
906 653 957 722 Ut
979 665 1098 724 autem
1121 650 1250 721 intelli·
1407 652 1507 724 Talis
1521 664 1634 723 status
1658 677 1738 724 cum
1762 662 1851 722 esset
1866 651 2100 732 Graecorum,
2123 662 2153 718 et
2170 651 2234 741 iguo

259 762 351 854 gatis
385 741 634 828 defensionem
669 779 788 824 meam
827 755 956 826 iustam
986 779 1079 840 esse,
1119 776 1250 848 sequar
1302 753 1512 824 cantianati
1528 755 1666 824 maliet
1687 753 1885 837 nascentis,
1917 752 2186 824 considerandum
2203 769 2233 824 ot

257 865 373 956 ipsam
397 859 524 933 seriem
548 857 802 942 accusationis,
840 881 881 926 ac
901 860 946 927 de
967 857 1116 948 singulis
1138 879 1250 926 mem·
1301 857 1513 948 praecipue,
1545 857 1633 952 quid
1656 858 1815 928 decuerit
1834 869 1997 926 nostram
2013 855 2172 924 civitatem
2189 879 2234 926 su·

257 966 331 1036 bris
347 965 483 1046 dicam,
509 975 544 1032 et
558 957 649 1030 nihil
667 961 791 1030 volens
809 960 985 1030 omittam.
1025 960 1134 1053 Quod
1151 959 1248 1028 enim
1301 957 1418 1050 cipere
1442 972 1478 1030 et
1499 960 1636 1044 facere,
1668 972 1703 1029 et
1729 957 1861 1032 horum
1886 957 2112 1030 consiliorum
2138 957 2235 1026 ratior

257 1067 400 1160 scripsit
414 1060 604 1157 Ctesipho,
638 1087 695 1132 me
712 1062 848 1154 optima
873 1063 1024 1134 dicendo
1049 1075 1084 1132 et
1110 1063 1248 1154 agendo
1301 1085 1359 1130 me
1375 1062 1554 1153 poscenda
1571 1075 1634 1135 est.
1686 1060 1779 1134 Nam
1803 1087 1884 1133 cum
1908 1062 1946 1130 in
1969 1060 2140 1154 republica
2158 1059 2237 1130 locun

256 1182 472 1266 perpetuam
486 1167 622 1237 civitati
642 1165 930 1235 benevolentiam
953 1165 1189 1257 praestitisse,
1215 1176 1250 1233 et
1300 1164 1413 1246 tenui,
1429 1177 1565 1248 utriun,
1579 1160 1768 1248 Aeschine,
1786 1165 1910 1235 civitas
1927 1177 2050 1236 nostra
2067 1161 2172 1233 debuit
2181 1161 2237 1230 obli·

255 1283 466 1368 promptum
485 1293 558 1341 esse
573 1267 743 1364 quicquid
760 1268 848 1337 boni
865 1268 998 1359 possim
1013 1269 1148 1350 facere,
1175 1291 1250 1336 me·
1300 1267 1388 1337 visci
1419 1267 1704 1358 magnitudinem
1737 1268 1850 1338 animi
1873 1279 2049 1350 veterem,
2081 1279 2114 1337 et
2133 1265 2238 1354 dignita·

257 1399 326 1471 que
358 1376 404 1444 ob
436 1397 517 1442 eam
548 1395 692 1442 causam
716 1370 937 1440 laudandum
971 1383 1091 1441 censet
1112 1370 1162 1468 ί’);
1205 1370 1248 1439 de
1301 1381 1372 1439 tem
1404 1393 1525 1454 suam,
1559 1382 1594 1438 et
1624 1371 1742 1440 delere
1766 1373 1948 1440 maiorum
1971 1366 2115 1440 honesta
2136 1368 2238 1434 etiusta

255 1473 324 1549 hac
366 1488 470 1570 parte
510 1499 553 1544 ex
592 1474 699 1544 rebus
739 1472 845 1564 gestis
888 1497 1030 1544 necesse
1071 1485 1124 1544 est
1156 1471 1250 1544 iudi·
1300 1471 1413 1556 lacta,
1439 1495 1481 1542 ac
1501 1485 1542 1542 ut
1556 1468 1720 1544 Thessali
1743 1485 1779 1544 et
1791 1472 1951 1565 Dolopes
1973 1473 2136 1544 adiuvare
2148 1465 2239 1558 Philip

255 1581 350 1650 cium
372 1578 470 1662 fieri,
502 1577 632 1672 quibus
655 1575 888 1646 consideratis
913 1575 1069 1646 inveniri
1100 1575 1248 1667 poterit,
1301 1600 1388 1667 pum
1414 1573 1679 1667 opprimentem
1700 1577 1870 1648 servitute
1896 1575 2106 1658 Graeciam,
2134 1597 2172 1641 an
2187 1595 2238 1639 scu

256 1705 387 1772 verene
408 1705 455 1749 an
477 1681 569 1752 salso
592 1675 680 1748 haec
703 1679 836 1771 scripta
858 1677 941 1749 sint.
998 1677 1107 1772 Quod
1129 1690 1248 1749 autem
1301 1673 1371 1748 hoc
1402 1697 1633 1772 nequaquam
1666 1677 1810 1749 decuit?
1851 1675 1896 1748 ld·
1920 1680 2018 1748 enim
2048 1703 2086 1748 re
2115 1703 2183 1747 vera
2207 1677 2237 1744 io·

254 1809 331 1856 uon
352 1782 511 1866 addidit,
545 1794 736 1876 postquam
759 1781 922 1850 retulerit
943 1782 1121 1864 rationes,
1164 1793 1249 1850 tunc
1301 1781 1448 1872 dignum
1464 1793 1500 1850 et
1514 1774 1737 1854 horrendum
1752 1781 1885 1853 luisset.
1930 1781 2006 1852 Aut
2020 1779 2238 1852 rectiusueluie

254 1891 400 1960 demum
417 1885 666 1957 coronandum
683 1907 777 1966 esse,
804 1893 840 1952 et
856 1883 954 1976 quod
966 1883 1186 1955 renuntiatio
1209 1883 1249 1952 in
1300 1896 1354 1954 set
1369 1881 1549 1978 quiescere
1567 1884 1605 1952 in
1621 1895 1723 1956 tanto
1738 1884 1898 1976 periculo
1916 1885 2110 1970 communi,
2124 1911 2187 1955 cum
2196 1907 2238 1954 su·

256 1988 397 2061 theatro
431 1988 594 2058 facienda
625 1985 689 2056 sit:
730 1988 890 2077 pendent
910 1981 999 2055 haec
1023 1988 1184 2056 membra
1206 2010 1249 2056 ex
1300 1987 1450 2056 vitutem
1467 2009 1695 2058 communem
1709 1986 1920 2080 impendere
1934 1986 2095 2058 videret?
2113 1986 2238 2078 Egorrro

254 2091 391 2186 priori,
418 2102 539 2161 utrum
556 2112 614 2160 res
635 2100 754 2180 gestae
770 2088 898 2180 dignae
919 2087 992 2158 sint
1009 2089 1126 2160 laude.
1181 2087 1249 2157 llic
1300 2112 1396 2159 nunc
1421 2113 1564 2184 quoque
1588 2085 1864 2181 reprehensores
1888 2089 2032 2162 consilii
2057 2092 2154 2160 vestri
2170 2091 2238 2158 intrr-

256 2207 293 2264 et
314 2195 410 2284 leges
432 2191 611 2274 recitabo,
646 2213 737 2285 quae
762 2192 906 2261 decreto
923 2187 1164 2283 Ctesiphontis
1186 2215 1249 2283 pa·
1300 2215 1428 2284 rogare
1451 2191 1578 2275 velim,
1612 2191 1712 2264 cuius
1734 2193 1848 2285 partis
1867 2193 2004 2264 soriam
2030 2205 2172 2264 nostram
2190 2191 2240 2260 ciu'·

255 2296 494 2368 trocinantur.
550 2291 602 2362 lta
632 2292 762 2364 iustam
794 2307 829 2363 et
850 2293 1047 2386 simplicem
1074 2294 1249 2365 defensio·
1301 2307 1410 2364 tatem
1436 2317 1512 2364 esse
1536 2294 1735 2379 voluerint,
1760 2320 1850 2366 uum
1867 2291 2123 2367 Thessalorum
2143 2294 2239 2364 etalio

254 2423 340 2470 uem
355 2419 544 2489 exponam.
597 2395 773 2466 Accedam
792 2396 901 2488 igitur
915 2398 962 2466 ad
977 2420 1034 2467 res
1048 2410 1178 2488 gestus,
1202 2421 1248 2466 ue
1300 2421 1404 2481 rum,
1437 2396 1502 2490 qui
1531 2398 1651 2488 palam
1683 2393 1893 2490 Philippum
1918 2399 2131 2470 adiuverunt
2151 2399 2179 2465 in
2194 2419 2240 2488 pcr-

255 2501 433 2573 eristimet
458 2523 516 2568 me
545 2498 722 2593 quispiam
755 2523 776 2568 a
808 2498 982 2590 capitibus
1013 2499 1249 2572 accusationis
1301 2503 1416 2571 denda
1432 2499 1603 2584 Graecia,
1619 2524 1665 2570 an
1681 2525 1767 2573 vero
1785 2499 2045 2596 quiescentium
2063 2498 2241 2594 proptcrpri·

188 2651 199 2668 ι
255 2605 441 2685 recedere,
474 2600 735 2691 ingredientem
765 2601 804 2668 in
830 2601 1077 2671 narrationem
1101 2605 1145 2672 de
1171 2613 1247 2672 tota
1300 2617 1401 2674 vetas
1418 2601 1608 2685 utilitates,
1633 2616 1673 2674 ut
1685 2604 1890 2688 Arcadum,
1906 2603 2159 2676 Messeniorum
2171 2603 2258 2672 eth·¹

254 2704 438 2796 republica
461 2715 496 2772 et
519 2704 564 2772 de
588 2702 759 2773 Graeciae
779 2703 892 2778 bellis.
950 2702 1044 2776 Nam
1065 2718 1249 2776 accusator
1301 2703 1491 2798 givorum'?
1525 2702 1622 2774 lnter
1646 2700 1713 2777 hos
1736 2730 1822 2777 vero
1845 2708 2002 2792 multos,
2035 2708 2139 2777 immo
2160 2727 2241 2774 omnes

254 2807 359 2892 lacit,
399 2816 440 2877 ut
468 2806 531 2874 bat
558 2799 647 2875 haec
671 2805 789 2874 oratio
811 2800 917 2877 huius
938 2829 1066 2877 causae
1088 2807 1248 2900 propria.
1301 2805 1388 2880 haec
1415 2819 1608 2900 tempestas
1628 2807 1753 2880 durius
1781 2809 1907 2880 alllirit
1931 2834 2045 2905 quam
2067 2835 2139 2882 nos.
2185 2807 2241 2880 llttt

253 2911 394 2982 Deinde
428 2932 509 2978 cum
533 2907 602 2978 alia
625 2907 769 3000 negotia
792 2908 854 2976 alii
877 2907 915 2977 in
936 2909 1119 3001 republica
1141 2910 1250 2982 susci·
1300 2912 1331 2984 si
1345 2924 1427 3004 post
1441 2909 1630 2982 victoriam
1643 2908 1832 3005 Philippus
1848 2913 1994 2986 abiisset
2010 2928 2046 2985 et
2060 2907 2242 3006 posteaqult·

254 3014 377 3109 piant,
404 3035 542 3106 egoque
555 3011 745 3102 praecipue
763 3023 922 3082 versatus
937 3012 1004 3082 sim
1020 3013 1058 3082 in
1074 3013 1249 3084 delibera·
1301 3028 1357 3086 tus
1373 3015 1470 3084 nulla
1488 3014 1620 3084 iniuria
1635 3016 1752 3087 socios
1769 3028 1831 3086 aut
1847 3017 1937 3087 alios
1945 3016 2104 3088 Graecos
2112 3015 2242 3089 efferim
2256 3021 2257 3068 ³

255 3115 413 3186 tionibus
441 3115 486 3182 de
510 3113 691 3184 sociorum
714 3126 749 3183 et
770 3113 908 3205 patriae
930 3115 1159 3201 defensione,
1193 3119 1247 3186 iu·
1300 3113 1533 3210 reprehensio
1551 3118 1735 3188 videretur
1750 3119 1947 3211 probabilis
1969 3143 2117 3203 eorum,
2145 3117 2193 3213 qui
2207 3113 2241 3180 al·

254 3230 350 3290 stum
367 3229 420 3286 est
435 3239 493 3284 me
508 3217 746 3306 respondere,
771 3240 862 3310 quae
878 3241 958 3286 mea
974 3219 1142 3303 consilia,
1158 3242 1249 3314 quae
1302 3219 1432 3292 versati
1448 3232 1541 3291 sunt.
1583 3220 1653 3290 Sed
1668 3245 1749 3292 cum
1766 3221 1932 3293 omnibus
1949 3221 2125 3294 ademerit
2139 3215 2240 3310 impeta

255 3319 424 3389 voluntas
438 3317 477 3386 in
497 3314 566 3410 illis
588 3317 697 3387 tantis
717 3317 870 3409 negotiis
889 3319 1008 3390 luerit.
1061 3321 1163 3414 Quae
1188 3345 1250 3390 au·
1302 3336 1339 3402 et
1353 3323 1568 3406 libertatem,
1593 3322 1705 3393 immo
1723 3349 1804 3394 cum
1823 3324 1860 3394 in
1877 3325 2046 3397 omnibus
2059 3325 2196 3404 urbibus,
2206 3315 2241 3388 ull

255 3433 329 3491 tem
351 3415 541 3510 Philippus
576 3419 783 3509 occupavit,
818 3431 1011 3514 antequam
1034 3425 1080 3492 ad
1105 3447 1249 3515 rempu-
1300 3425 1437 3517 potuit,
1478 3437 1634 3495 veterem
1658 3425 1874 3518 reipublicae
1903 3429 2061 3498 sormam
2091 3420 2242 3496 mutaverit

254 3523 385 3593 blicam
402 3519 551 3604 accessi,
584 3519 644 3589 illa
668 3517 760 3590 nihil
783 3523 828 3591 ad
851 3547 911 3592 me
935 3523 1127 3616 pertinent.
1178 3526 1249 3596 Sed
1300 3542 1448 3598 eventus
1457 3528 1776 3600 ostenditvestrum
1785 3525 2242 3623 consiliumgloriosiuslulst·

254 3623 344 3696 haec
359 3624 537 3706 recitabo,
565 3647 658 3716 quae
676 3637 798 3715 postea
816 3625 1040 3712 acciderunt,
1056 3642 1246 3724 postquam
1404 3631 1475 3700 Sed
1489 3632 1599 3700 redeo
1616 3631 1827 3724 adpriorem
1838 3633 2162 3726 interrogationem.
2184 3625 2241 3720 Qtil

255 3725 393 3821 egebis
418 3724 570 3818 negotiis
590 3726 756 3812 interlui,
790 3740 825 3797 et
847 3729 942 3800 illius
967 3755 1088 3802 cursus
1110 3756 1248 3824 repres-
1299 3735 1414 3803 lacere
1443 3732 1624 3804 civitatem
1647 3737 1784 3820 decuit,
1825 3761 1906 3808 cum
1928 3737 2069 3808 videret
2087 3731 2242 3824 Philippu

255 3855 315 3902 sus
338 3842 406 3909 est;
441 3825 573 3898 horum
597 3830 744 3898 reddam
768 3829 947 3900 rationem
971 3857 1085 3925 pauca
1107 3836 1249 3926 praeia-
1300 3835 1489 3907 Graeciam
1507 3837 1596 3907 velle
1612 3837 1767 3910 insuam
1785 3851 1997 3930 potestatem
2014 3835 2184 3930 redigere?
2200 3833 2241 3900 dul

255 3945 324 4002 tus.
382 3929 584 4001 Plurimum
615 3931 752 4022 proluit
779 3927 949 4026 Philippo
985 3937 1248 4027 opportunitas,
1300 3963 1410 4033 quam
1439 3941 1653 4009 seutentiam
1686 3956 1811 4012 orator
1841 3942 1959 4014 dicere
1990 3942 2113 4015 debuit
2139 3931 2241 4011 athenis

255 4035 355 4130 quod
371 4058 413 4103 ce
431 4045 592 4124 tempore
609 4057 761 4124 magnus
783 4036 851 4104 luit
872 4039 969 4127 apud
985 4038 1142 4110 Graecos
1164 4064 1249 4132 pro·
1300 4041 1512 4134 praesertim
1528 4043 1581 4138 (id
1597 4043 1692 4113 enim
1714 4044 1911 4137 plurimum
1937 4046 2083 4142 refert),
2109 4067 2178 4114 cum
2194 4035 2240 4132 qui·

256 4150 383 4208 ventus
398 4135 650 4228 proditorum,
675 4149 851 4229 quantum
873 4162 981 4206 nemo
1007 4141 1096 4210 alius
1123 4143 1248 4210 memi-
1298 4147 1382 4214 dem
1404 4144 1531 4214 scirem
1550 4146 1634 4216 inde
1648 4171 1759 4241 usque
1784 4149 1830 4220 ab
1858 4149 1983 4234 initio,
2014 4175 2087 4246 quo
2108 4149 2140 4214 in
2161 4161 2240 4232 suggr-

253 4239 327 4324 nit‚
360 4262 450 4332 quos
464 4237 533 4308 sibi
546 4237 710 4308 adiunxit
732 4240 866 4324 socios,
900 4243 946 4311 ad
971 4241 1161 4314 Graeciam
1185 4268 1248 4314 an·
1298 4260 1393 4318 stum
1409 4248 1571 4334 ascendi,
1597 4262 1758 4320 nostram
1779 4250 1961 4323 civitatem
1984 4254 2135 4324 maiores
2153 4239 2240 4316 exerti·

254 4355 311 4414 tea
324 4342 419 4411 male
439 4340 604 4410 affectam
622 4341 736 4433 magis
753 4343 982 4414 turbandam.
1031 4344 1088 4413 Ab
1105 4341 1161 4418 his
1185 4348 1247 4417 ad·
1299 4362 1375 4436 tus,
1399 4362 1434 4420 ct
1448 4352 1528 4443 plus
1541 4353 1714 4444 pecuniae
1727 4378 1796 4445 pro
1810 4355 1924 4426 salute
1951 4353 2130 4427 communi
2147 4353 2254 4439 imper«

255 4444 351 4517 intus
385 4445 475 4515 alios
508 4441 726 4534 decipiebat,
767 4443 846 4517 aliis
876 4446 1115 4539 largiebatur,
1158 4449 1247 4521 alios
1299 4453 1411 4538 disse,
1438 4478 1549 4548 quam
1569 4456 1701 4550 reliqui
1724 4481 1792 4549 pro
1817 4483 1852 4530 se
1876 4459 2006 4552 singuli
2028 4457 2238 4552 impenderunt

256 4572 404 4642 quoquo
420 4547 531 4616 modo
546 4547 814 4639 corrumpebat,
839 4561 874 4618 et
889 4549 927 4619 in
943 4550 1247 4624 variaslactiones
1298 4555 1489 4650 Videbam!
1506 4571 1625 4630 autem
1647 4555 1876 4652 Philippum,
1910 4588 1991 4634 cum
2025 4587 2096 4657 quo
2122 4551 2253 4627 robisdt

1299 4659 1451 4752 imperio
1486 4673 1666 4732 certamen
1696 4676 1791 4748 erat,
1823 4661 1916 4735 nihil
1939 4665 2077 4736 moveri
2100 4655 2237 4732 amissiott

289 4815 321 4876 8)
340 4815 374 4865 tt.
392 4815 411 4865 t.
432 4815 536 4867 omtssa
557 4819 623 4868 sunt
639 4818 858 4882 subscriptorum
875 4819 986 4872 nomine
1003 4821 1031 4873 tn
1049 4825 1128 4874 cortu
1146 4837 1247 4890 graeco
1299 4762 1414 4845 oculi’
1440 4763 1614 4835 fractione
1630 4765 1757 4849 clavis’
1790 4769 1947 4840 lae⁸i⁰ne
1964 4764 2100 4841 brachii
2119 4777 2148 4834 el
2165 4755 2253 4854 pedii*

323 4883 432 4934 mults:
461 4880 600 4950 κλήτορες
617 4889 794 5009 xepmopur
811 4889 1038 4958 κηφισοφώηος
1053 4885 1247 4962 Ῥαμνούσιος,
1299 4889 1339 4934 ac
1358 4865 1555 4960 quamlibet
1568 4882 1707 4960 partem
1724 4871 1904 4963 corporis,
1931 4897 2037 4969 quam
2055 4873 2179 4942 fortuna
2193 4854 2235 4926 tel

324 4951 1247 5095 lt‘t'cttlfttt,„ltlttlt‘attttttttff‘ttabalta
1297 4968 1367 5087 ¹5²⁹
1392 4968 1495 5087 {³⁰³⁶
1513 4971 1695 5056 amante,
1722 4986 1763 5042 ¹¹¹
1776 4973 1943 5067 ⁶²³⁰⁰²P⁵
1960 4975 2085 5046 ¹⁰³⁵⁰¹³
2105 4993 2171 5040 ⁶⁰¹⁰
2188 4959 2233 5051 il

323 5091 398 5141 attus
414 5092 585 5145 couoetres.
1297 5095 1351 5139 rra
1369 5085 1515 5142 viveret.
1568 5073 1642 5146 Nec
1658 5100 1744 5144 vero
1761 5077 1951 5172 quisquam
1966 5073 2034 5150 hoc
2050 5077 2152 5147 dicere
2164 5059 2230 5136 ausit
2251 5101 2252 5185 p

290 5194 324 5254 9)
347 5195 422 5246 noco
453 5200 567 5246 rerunt
597 5197 625 5248 an
651 5197 771 5249 serato.
817 5201 854 5250 ut
877 5223 913 5236 -
936 5198 1101 5252 lausennam
1124 5205 1245 5266 mg]
1298 5197 1379 5243 cum
1409 5173 1448 5242 in
1481 5177 1704 5248 adolescente
1726 5179 1765 5249 iu
1786 5179 1885 5250 Pella
1908 5183 2054 5252 educato
2076 5167 2195 5268 ignobili
2210 5169 2230 5227 tl

325 5263 718 5382 carcasona
735 5267 1143 5408 :erectaerecta
1161 5285 1245 5404 aaa
1296 5299 1409 5367 ervo
1429 5281 1562 5396 ordo
1808 5284 1922 5352 ,m
1935 5283 2145 5377 meru
2165 5281 2193 5339 ⁰¹
2208 5273 2227 5328 ‘¹

327 5407 382 5448 non
400 5399 607 5464 nemausen,
628 5401 678 5451 seu
694 5403 880 5455 emmeram.
897 5406 987 5456 veroa
1004 5408 1106 5457 nunt.
1297 5395 1561 5472 concuprsceret
1581 5383 1774 5476 imperium
1799 5386 1991 5470 Graeciae,
2033 5397 2065 5456 et
2084 5379 2158 5452 hanc
2176 5385 2225 5438 ἰεῦ·
