4582 5798
21 186 115 271 scot
261 181 369 260 nnn
413 160 815 264 ursarunrsno
839 131 1230 258 msnoaon‘nx
1254 177 1551 287 rnocrnmn
1576 177 1726 254 nuno
1746 179 1808 258 tn
1952 182 2056 258 ross

17 370 129 436 essem
158 355 404 460 consonandi,
436 357 527 428 socii
547 358 600 430 ,in
623 357 842 430 semuncem
869 355 1006 427 redacti
1057 355 1140 440 liat,
1166 357 1273 450 quale
1288 355 1379 428 illud
1393 354 1555 426 intnmm
1574 352 1646 440 ¹sit,
1671 353 1731 426 ills
1752 374 1830 426 non
1847 366 1946 426 recte
1968 378 2056 426 eon·

15 474 257 554 sunt-praeter
283 485 350 534 nos
372 472 416 532 et
438 455 561 532 Chios.
625 459 806 532 Hactenus
828 481 914 551 ergo
936 483 1006 530 nos
1055 457 1202 530 rideret.
1260 457 1300 530 Si
1327 481 1513 551 possemus
1543 457 1640 528 enim
1668 465 1786 550 pares
1802 482 1876 530 esse
1905 455 2054 542 viribus,

16 566 114 638 liberi
129 559 255 636 ‚adhuc
275 564 354 634 sole
379 563 484 635 titulo
500 562 734 638 militavimus
750 565 897 658 quidem
918 583 1005 646 unse,
1055 583 1232 654 quorsum
1248 561 1436 644 attineret,
1462 585 1531 630 nos
1551 583 1694 652 semper
1717 583 1799 631 cnm
1822 552 1923 640 metu
1941 561 1978 650 in
1994 585 2053 634 en·

15 673 73 742 sed
89 668 244 742 ducibus
266 661 541 739 Atheniensium
569 690 699 758 parum
730 668 840 737 lidere
858 677 1005 759 potesa-
1057 685 1139 734 rum
1161 653 1339 756 potestate
1358 661 1460 734 esse?
1489 663 1569 734 ¹Sed
1583 688 1666 734 cnm
1683 686 1792 757 penes
1810 663 2053 756 illos-semper

15 795 109 856 mus,
136 773 234 865 quod
251 783 480 842 versarentur
497 769 666 840 nobisob
685 771 808 841 oculos
822 769 1002 840 sociorum
1055 766 1164 836 inerit
1183 789 1254 838 nos
1276 767 1503 860 opprimere,
1536 767 1583 838 sit
1604 766 1714 838 etiam
1730 792 1845 860 penes
1865 789 1954 851 nos,
1988 765 2052 841 ubi

15 873 185 968 exempla.
242 871 327 946 Non
354 871 452 946 enim
484 885 886 957 consentaneumque,
922 891 1003 942 cum
1055 839 1218 952 videinr,
1244 894 1417 963 quaerere
1432 869 1690 960 defensionum
1742 927 1746 934 ,
1785 929 1791 942 ,
1948 912 1952 922 ·
1981 914 1986 926 ·
2037 935 2041 942 „

15 990 171 1049 caeteros
201 975 317 1048 socios
345 973 384 1044 in
416 975 625 1046 servitutem
652 975 896 1066 redegissent,
928 997 1004 1044 non
1160 969 1235 1042 llas
1250 989 1331 1042 cum
1346 967 1543 1043 babeamus
1556 969 1702 1057 calnae,
1715 973 1923 1046 deiecimus.
1960 969 1986 1042 S

13 1081 104 1152 iden
119 1079 279 1150 inclusos
292 1101 368 1150 esse
387 1088 512 1148 contra
529 1101 614 1162 nos,
641 1077 671 1148 si
695 1079 769 1150 ullo
788 1079 897 1148 modo
921 1101 1003 1170 pos·
1056 1084 1175 1142 antem
1193 1067 1262 1142 bae
1279 1098 1404 1146 causae
1420 1073 1506 1144 satis
1528 1073 1736 1166 perspicuae
1758 1075 1985 1146 audientibus
2005 1075 2052 1144 ad

12 1196 98 1256 sent.
150 1181 188 1254 Si
204 1181 302 1252 enim
317 1179 422 1250 liberi
440 1205 595 1255 essemus
613 1176 731 1252 adhue
753 1204 897 1263 omnes,
923 1179 1003 1272 plns
1055 1175 1309 1262 indicandum,
1335 1177 1438 1271 quod
1464 1187 1559 1246 recte
1581 1168 1788 1264 fecerimus,
1815 1191 1853 1248 et
1872 1177 1957 1251 satis
1980 1178 2053 1247 effi·

11 1288 91 1365 fidei
105 1285 193 1378 ipsis
208 1279 443 1368 haberemus,
470 1285 568 1378 qnod
583 1285 669 1354 novi
687 1281 919 1354 nihileontra
937 1307 1003 1364 nos
1055 1279 1216 1348 cacesad
1230 1281 1511 1363 terrendosmos,
1537 1291 1578 1350 ut
1593 1280 1638 1348 de
1653 1279 1977 1353 memiendisnobis
1992 1305 2052 1350 co·
2175 1290 2177 1294 ’
2279 1349 2280 1358 ,

11 1389 174 1460 molituri
188 1399 316 1460 essent.
368 1385 460 1458 Cum
476 1385 595 1456 autern
611 1387 802 1481 plerosque
818 1397 940 1458 servm
954 1387 1004 1455 le·
1055 1380 1262 1473 citaremus.
1312 1380 1424 1478 ldque
1442 1381 1531 1472 olim
1548 1381 1658 1452 etiam
1677 1383 1877 1467 voluimus,
1904 1382 2050 1478 qnando

11 1493 143 1576 serint,
170 1514 257 1576 nos,
284 1488 348 1585 qui
367 1489 436 1560 soli
458 1488 590 1584 reliqui
608 1515 750 1582 snmus,
776 1490 867 1560 sicut
884 1485 1004 1560 haste·
1056 1496 1219 1576 tempore
1234 1531 1239 1540 -
1256 1484 1358 1576 pacis
1395 1483 1562 1556 misimus
1595 1485 1642 1553 a'd
1671 1510 1736 1556 vos
1764 1487 1809 1556 de
1839 1485 2052 1571 deiectione,

10 1619 97 1678 nus,
121 1617 241 1690 aequo
265 1591 459 1684 cnm'ipsis
481 1591 560 1662 iure
584 1591 639 1662 uli
664 1592 819 1686 amplius
842 1617 918 1662 non
939 1615 1004 1684 pa·
1056 1611 1137 1658 cum
1160 1609 1236 1658 non
1251 1586 1457 1680 receperitis
1477 1611 1564 1670 nos,
1587 1583 1777 1677 prohibiti.
1828 1585 1934 1660 Nunc
1950 1604 2051 1680 post·

10 1697 157 1771 tientur.
202 1696 284 1790 Qua
299 1695 338 1764 in
354 1718 392 1764 re
406 1694 480 1764 iam
493 1709 744 1786 processerunt
759 1695 926 1780 multum,
947 1718 1004 1767 so·
1057 1712 1166 1784 quam
1177 1687 1322 1760 Boeotii
1337 1688 1817 1781 vesluicogmliinvilarunl
1831 1701 1898 1764 ntis
1916 1693 2053 1762 adcor·

10 1802 52 1874 lis
76 1798 191 1870 nobis,
209 1797 466 1872 resistentibus.
517 1795 645 1893 quue
666 1799 782 1890 magis
796 1801 1005 1891 procedent,
1055 1805 1111 1869 tas
1127 1791 1370 1878 conditiones,
1393 1789 1515 1864 statim
1532 1792 1767 1877 assensimus,
1793 1806 1830 1865 et
1840 1794 2052 1884 putavimus

10 1928 83 1999 quo
117 1902 234 1994 magis
261 1901 330 1994 ipsi
361 1913 542 1984 crescunt,
581 1925 649 1972 nos
674 1902 780 1974 sociis
812 1902 1005 1974 nudamur.
1058 1919 1132 1966 esse
1146 1895 1382 1968 deficiendum
1391 1907 1541 1987 proptor
1555 1897 1647 1966 duas
1660 1918 1800 1968 musas:
1825 1909 1902 1968 tum
1918 1919 2051 1970 nenne

10 2007 126 2082 Metus
142 2017 289 2078 mutuus
304 2003 490 2104 vinculum
505 2017 557 2076 est
572 2004 686 2075 tidelis
700 2004 897 2087 societatis;
919 2028 1004 2074 nam
1057 2022 1140 2070 curn
1156 1994 1435 2072 Atheniensibus
1450 1997 1688 2090 affligeremus
1704 1997 1863 2094 reliquos
1880 1999 2052 2084 Graecos,

10 2110 134 2180 volens
155 2106 386 2198 transgredi,
402 2105 443 2178 :si
464 2129 539 2176 non
562 2107 753 2180 antecellat
774 2108 814 2178 in
833 2107 1006 2180 invaden·
1058 2103 1120 2174 sed
1134 2113 1176 2172 ut
1194 2101 1315 2195 potins
1329 2101 1441 2174 simus
1457 2099 1547 2172 socii
1562 2101 1812 2182 liberantium
1840 2115 1918 2174 tum
1932 2116 2054 2174 utan-

10 2213 76 2297 do,
102 2212 336 2282 absterretur.
678 2193 682 2217 ⁹
1059 2217 1290 2288 tevertamns,
1310 2229 1357 2274 ne
1373 2204 1474 2297 prius
1489 2205 1534 2274 ab
1548 2203 1634 2294 ipsis
1649 2205 1910 2296 opprimamur.
1941 2204 2053 2276 Prae·

111 2313 190 2388 Nos
214 2335 301 2384 vero
325 2311 446 2382 relicti
477 2337 599 2384 sumus
622 2310 729 2382 liberi
756 2337 833 2387 non
862 2311 933 2382 alia
962 2314 1006 2384 de
1059 2321 1156 2380 terea
1172 2307 1322 2378 delectio
1341 2318 1465 2378 nostra
1480 2305 1627 2377 celerius
1642 2308 1682 2376 lit
1707 2320 1743 2380 et
1763 2307 1840 2378 sine
1859 2331 2054 2400 praepara·

10 2440 134 2502 causa,
168 2439 279 2511 quem
309 2426 348 2486 ut
374 2414 519 2506 negotia
550 2415 759 2488 viderentur
781 2428 943 2510 suscepta
966 2416 1008 2486 il·
1060 2410 1179 2496 none,
1204 2433 1247 2481 eo
1263 2409 1378 2501 magis
1393 2408 1563 2480 convenit
1580 2433 1648 2481 nos
1670 2409 1829 2501 recipere
1853 2422 1887 2479 et
1909 2411 2054 2482 mittere

10 2521 48 2594 lis
101 2521 150 2590 ad
169 2517 380 2613 'imperium
406 2518 706 2592 'constituendum
743 2520 838 2590 bona
878 2519 1017 2612 specie,
1060 2513 1214 2599 auxilie,
1239 2525 1280 2585 nt
1304 2511 1501 2584 videamini
1522 2536 1627 2603 opem
1649 2513 1764 2595 ferre,
1792 2511 1922 2606 quibus
1945 2525 2054 2606 opor-

10 2635 40 2694 et
63 2622 208 2696 consilii
227 2633 416 2714 praetextu
443 2621 576 2713 magis,
607 2645 720 2716 quarn
747 2622 941 2707 violentia,
974 2635 1010 2692 et
1060 2629 1131 2702 tet,
1156 2629 1193 2686 et
1202 2615 1312 2688 simul
1324 2611 1612 2689 hosteslaedere.
1659 2613 1720 2690 :Ad
1733 2639 1936 2710 quemrem
1951 2636 2055 2688 oms-

10 2740 45 2800 nt
83 2725 294 2803 testimonio
328 2735 454 2795 nostro
494 2736 634 2797 contra,
660 2723 776 2798 socios
809 2737 1009 2810 uterentur,
1060 2719 1115 2792 sio
1138 2721 1221 2792 data
1245 2731 1318 2804 est,
1342 2718 1508 2789 utnulla
1533 2729 1652 2788 antea.
1702 2717 1797 2790 Nam
1818 2713 2055 2792 Athenienses
2095 2800 2099 2810 ¹

10 2830 114 2924 quasi
146 2826 335 2925 sequntnti
364 2851 440 2896 non
469 2827 676 2912 fuissemus,
709 2828 780 2900 nisi
805 2839 1010 2923 peccassent
1061 2823 1166 2896 valde
1186 2821 1357 2894 diminuti
1377 2833 1462 2892 sunt
1479 2833 1598 2913 peste,
1624 2831 1661 2890 et
1679 2819 1765 2891 belli
1779 2821 1981 2914 surnptibns
1997 2847 2056 2907 en·
2143 2857 2144 2860 ¹
2174 2835 2184 2846 “

10 2929 225 3028 aliqnidbi,
251 2956 344 3026 quos
357 2930 579 3004 invaserunt.
631 2931 899 3004 contraxerunt
923 2956 1009 3024 ergo
1061 2921 1194 2998 hausti.
1259 2922 1400 2994 Deinde
1431 2922 1551 2996 classis
1586 2947 1712 2992 eorum
1751 2923 1884 3016 partim
1912 2926 1960 2996 ad
1987 2948 2057 2996 ne·

10 3036 170 3128 primum
189 3034 284 3106 vites
311 3032 487 3104 maximas
516 3046 641 3104 contre
666 3033 937 3119 imbecilliores,
968 3047 1011 3105 nt
1060 3041 1175 3103 stram
1195 3027 1352 3100 insulam
1375 3021 1521 3110 haeret,
1559 3024 1693 3118 partim
1722 3038 1775 3098 est
1800 3029 1848 3096 ad
1875 3026 2058 3120 Pelopon·
2150 3109 2156 3116 ¹

10 3137 159 3222 sublatis
189 3135 318 3210 medii-s
348 3147 505 3206 extrema
526 3136 775 3232 relinquerent
797 3137 1010 3209 infirmiora,
1060 3155 1201 3204 nesum.
1272 3129 1399 3224 Neque
1430 3141 1483 3200 est
1511 3139 1812 3214 consentaneum,
1853 3130 1975 3222 plnres
1995 3130 2058 3204 eis

10 3243 39 3316 ti
55 3267 78 3312 a
94 3239 207 3314 nobis
220 3239 432 3332 coepissent,
441 3241 529 3312 dum
544 3239 633 3311 socii
646 3235 764 3312 adhuc
777 3242 891 3312 robur
905 3265 1009 3312 suum
1061 3259 1172 3306 naves
1193 3232 1232 3304 in
1252 3243 1429 3325 promptu
1443 3233 1523 3302 lore
1538 3283 1554 3316 ,
1590 3231 1622 3302 si
1643 3226 1711 3302 bac
1740 3243 1874 3304 aestate
1905 3233 2059 3308 navibus

10 3348 237 3428 rabuerunt,
272 3355 308 3414 et
331 3341 435 3414 licuit
461 3344 567 3416 nobis
594 3367 672 3414 rem
703 3344 902 3436 integram,
937 3339 1010 3439 quo
1061 3351 1098 3408 et
1121 3337 1285 3429 peditatu
1298 3335 1350 3419 ¹in,
1368 3360 1431 3410 eos
1452 3358 1577 3406 rursus
1600 3333 1774 3426 impetum
1798 3335 2061 3416 feceritissseel

10 3447 274 3542 potuissemus,
295 3445 492 3533 inclinare,
516 3469 594 3518 non
615 3446 666 3518 sic
686 3447 912 3520 domuissent
931 3445 1011 3518 nos.
1064 3453 1127 3512 ant
1146 3465 1212 3511 vos
1234 3463 1310 3510 non
1331 3437 1525 3530 repellent,
1558 3437 1622 3507 ubi
1647 3437 1883 3521 accesseritis,
1917 3452 1981 3511 aut
2004 3463 2060 3510 re-
2153 3461 2160 3468 ·
2274 3451 2277 3458 '

10 3551 144 3626 Classis
160 3549 398 3626 enimnostra
414 3551 545 3622 terruit
560 3574 635 3634 eos,
657 3541 803 3634 scilicet,
829 3575 874 3620 ne
892 3548 1011 3621 seiun-
1063 3545 1190 3616 cedent
1211 3566 1232 3612 a
1250 3539 1368 3611 Lesbo
1390 3552 1427 3609 et
1440 3540 1704 3630 Peloponneso.
1756 3538 1874 3612 Nemo
1891 3563 1929 3612 se
1950 3539 2060 3642 etiam
2133 3567 2152 3580 ·

10 3670 61 3736 :ta
88 3656 139 3729 ab
162 3653 269 3750 ipsis,
296 3653 355 3722 vel
376 3652 503 3724 addita
528 3651 650 3736 vobim*
682 3665 745 3722 aut
765 3651 874 3724 alicui
895 3651 1012 3734 alteri,
1063 3644 1241 3717 existimet
1260 3645 1306 3722 de
1329 3641 1445 3713 aliena
1468 3652 1564 3710 terra
1588 3638 1826 3710 domesticum
1845 3640 1947 3712 adire
1964 3641 2061 3734 peri-

10 3758 94 3854 lpsis
120 3753 323 3854 periculum
345 3767 494 3828 mearet.
550 3752 616 3826 Est
642 3775 726 3846 ergo
756 3752 878 3848 aliqua
903 3753 1011 3824 etiem
1064 3747 1197 3819 culum.
1250 3743 1320 3815 Cui
1336 3742 1434 3814 enim
1458 3742 1602 3812 videtur
1625 3744 1754 3833 procul
1775 3744 1897 3814 abesse
1912 3743 2061 3831 Lesbos,

10 3886 139 3946 musa,
164 3861 266 3956 qnod
283 3857 418 3952 reliqui
440 3882 582 3942 sumus,
609 3857 708 3952 quod
728 3856 840 3928 coluit
856 3879 924 3928 nos
940 3880 1013 3927 res-
1064 3850 1125 3921 ille
1147 3848 1255 3932 sciat,
1290 3869 1370 3916 eam
1399 3867 1569 3940 magnam
1598 3855 1783 3937 praestare
1806 3845 1997 3920 utilitatem
2022 3848 2062 3922 in

10 3964 158 4060 publiea
186 3987 313 4036 sonum
345 3973 383 4032 et
410 3963 520 4034 duces
541 3973 692 4054 propter
716 3960 876 4032 classem.
942 3959 1013 4030 Sed
1064 3951 1286 4048 propinquo.
1337 3947 1422 4022 Non
1439 3949 1537 4020 enim
1557 3946 1727 4016 inAttica
1745 3949 1884 4032 ¹bellum
1909 3952 1995 4036 erit,
2021 3963 2063 4024 ut

10 4067 178 4161 exemplo
192 4065 373 4149 sociorum
397 4063 565 4136 videmur
578 4087 655 4132 non
669 4062 734 4135 din
754 4062 915 4156 potuisse
936 4086 1013 4136 esse
1066 4053 1196 4152 aliquis
1219 4064 1345 4147 putat,
1382 4053 1445 4124 sed
1468 4051 1539 4138 ibi,
1579 4050 1642 4120 ubi
1670 4045 1781 4123 habet
1800 4052 1917 4125 Attica
1949 4053 2062 4146 pluri·
2148 4123 2150 4130 ,

10 4171 139 4259 iberi,
165 4165 322 4245 nisihoc
336 4168 472 4240 bellum
487 4164 680 4238 ineid‘sset
1066 4184 1166 4230 mum
1191 4154 1377 4251 pecuniae.
1427 4151 1494 4225 Est
1517 4165 1638 4224 autern
1663 4151 1800 4224 reditus
1824 4155 2063 4247 pecuniarum

111 4277 222 4373 Quae
235 4273 346 4368 igitur
359 4268 449 4346 baec
462 4283 583 4365 potest
598 4293 673 4342 esse
686 4265 847 4340 amicitia
863 4278 926 4338 aut
941 4266 1012 4336 lida
1066 4260 1194 4334 Atticis
1209 4285 1229 4330 a
1242 4258 1368 4343 sociis,
1390 4269 1427 4327 et
1449 4257 1518 4326 erit
1538 4257 1659 4327 maior
1679 4255 1835 4342 reditus,
1860 4257 1892 4330 si
1914 4261 2063 4344 nosdo-

10 4387 182 4467 libertas,
208 4377 337 4474 inqua
353 4387 497 4471 praeter
516 4373 631 4444 animi
653 4373 880 4444 voluntatem
900 4368 1015 4463 suspi·
1067 4363 1237 4438 mnerint.
1294 4361 1390 4434 Nam
1414 4359 1477 4430 alii
1506 4383 1583 4430 non
1616 4359 1800 4431 audebunt
1826 4360 1996 4444 deficere,
2028 4374 2065 4434 et

10 4491 107 4564 riose
129 4493 349 4560 neomutus
373 4475 631 4555 observamus?
671 4473 729 4546 Illi
745 4473 832 4547 belli
852 4488 1016 4566 tempore
1067 4481 1191 4540 nostra
1214 4466 1330 4538 insule
1357 4465 1512 4536 accedet.
1572 4461 1687 4534 Nobis
1710 4487 1796 4534 vero
1818 4462 1972 4538 servitus
1996 4464 2066 4535 erit

10 4619 75 4668 sos
89 4602 217 4673 metu,
239 4610 307 4662 uos
325 4583 481 4656 vicissim
503 4579 601 4676 pacis
628 4593 792 4673 tempore
813 4591 912 4649 metu
935 4575 1016 4646 illos
1067 4571 1218 4646 tristior.
1276 4567 1386 4664 Quod
1406 4567 1437 4640 si
1458 4589 1523 4637 vos
1543 4564 1615 4635 cito
1640 4589 1748 4658 opem
1770 4565 1945 4652 tederitis,
1973 4567 2067 4640 acci-

10 4695 183 4772 similiter
195 4689 383 4762 coluimus.
410 4687 574 4781 Cumque
588 4684 667 4756 aliis
680 4686 788 4754 iidem
800 4679 1017 4752 benevolen·
1068 4675 1174 4771 pietis
1190 4670 1392 4757 civitatem,
1417 4694 1517 4766 quae·
1535 4669 1682 4740 classem
1707 4662 1835 4754 habet,
1869 4693 1940 4765 qna
1963 4671 2066 4744 vobis

10 4801 56 4872 tia
81 4781 297 4880 conservet,
319 4791 425 4864 nobis
446 4814 528 4862 eam
554 4801 671 4861 metus
692 4789 835 4862 firmam
856 4783 1018 4878 praebet,
1070 4803 1161 4874 opus
1173 4789 1247 4864 est,
1273 4789 1309 4846 et
1324 4773 1461 4846 facilius
1476 4772 1557 4843 illos
1576 4771 1786 4870 destruetis,
1813 4771 1897 4868 qnia
1913 4768 1976 4854 alii
1986 4775 2066 4848 iun-

10 4904 177 5000 denique
190 4896 280 4972 sodi
291 4921 417 4968 siunins
430 4905 530 4966 metn
540 4891 654 4986 magis
670 4887 947 4986 quamamicitia
957 4886 1018 4958 de-
1071 4896 1205 4978 gentse
1220 4879 1323 4951 vobis
1337 4874 1594 4960 confidentius,
1615 4885 1651 4944 et
1674 4875 1851 4968 effugietis
1866 4876 1966 4951 illam
1979 4899 2067 4972 que-

10 5007 146 5082 vincti.
185 5001 287 5073 Utris
303 4998 400 5071 enim
414 4997 516 5091 prins
528 4994 700 5068 securitas
715 4992 902 5065 andaciam
916 5011 1019 5084 prae-
1071 4989 1205 5070 selam,
1231 5007 1323 5080 qnae
1338 4993 1391 5056 est
1405 4983 1449 5052 de
1467 4976 1588 5064 nobis,
1616 4981 1714 5073 quod
1730 5003 1805 5052 non
1821 4979 1945 5050 ieratis
1960 5003 2066 5072 opem

10 5114 174 5192 buisset,
196 5103 378 5197 iipriores
391 5098 718 5172 erantsocietatem
734 5095 917 5168 violaturi.
1072 5089 1330 5163 deficientibus.
1382 5084 1421 5158 si
1446 5080 1804 5178 autemllvidebiminl
1819 5082 1974 5168 liberare
1988 5105 2069 5168 uos,
2157 5148 2162 5158 ,

10 5273 11 5276 ,
122 5209 272 5304 Itaque,
296 5205 327 5278 si
344 5204 402 5278 cni
417 5202 583 5276 videmur
607 5202 738 5274 iniuste
757 5201 894 5284 lacere,
921 5197 1019 5293 qnod
1072 5190 1251 5266 babebitis
1267 5190 1380 5262 robur
1394 5187 1544 5260 navium
1561 5211 1627 5280 per
1642 5210 1723 5260 nos.

10 5320 122 5417 prins
148 5310 352 5395 deficimus,
382 5331 493 5404 quern
515 5306 569 5378 illi
590 5306 727 5402 aliquid
750 5327 874 5396 aspere
900 5301 939 5371 in
953 5324 1021 5372 nos
1175 5295 1434 5368 Erubescentes
1454 5291 1567 5385 igitur
1590 5313 1669 5383 spes
1695 5287 1920 5372 Graecorum
1940 5289 1985 5359 de
2007 5312 2072 5374 vo-

10 5428 279 5502 exercnernnt,
321 5436 440 5506 neque
472 5422 717 5504 expectamus,
762 5409 875 5478 donec
901 5404 1020 5496 palam
1073 5401 1149 5481 bis,
1189 5401 1436 5472 erusbescentes
1464 5393 1586 5465 lovem
1610 5388 1864 5486 Olympicum,
1900 5391 1941 5464 in
1971 5391 2073 5470 maius

64 5537 257 5604 nemim
279 5531 388 5597 oens.
411 5525 499 5596 von
520 5525 632 5593 xvu
1258 5577 1263 5590 ,
1458 5497 1508 5569 67
