4648 5794
76 197 138 274 aas
199 189 315 268 xxui.
353 187 665 270 mauuunra
689 189 757 266 ar
783 131 987 266 sennan
1013 181 1063 260 ut
1087 183 1937 291 urnr.mu.c1c.tu.x1.uns-11.
2005 222 2081 297 aso

68 359 209 441 sitionem
243 389 324 440 snae
346 365 565 456 diligentiae.
633 365 903 438 Commemorat
925 365 1032 436 etiam
1085 357 1288 431 calamitate
1304 362 1521 456 reipublicae
1544 385 1580 441 ct
1603 374 1647 444 de
1661 373 1841 468 Antonio,
1875 411 1982 482 quem
2002 415 2077 465 uon

32 509 35 518 ⁴
66 495 153 542 suum
168 469 330 540 iudicium
352 469 396 538 de
411 468 627 565 Lepido⁸⁴),
651 467 818 539 Pollione
834 481 869 538 et
884 467 1031 540 Planco.

258 619 391 692 Aliud
426 592 740 712 argumentum
756 591 816 716 ⁴¹3).

144 757 230 826 Sunt
257 757 381 826 breves
409 769 445 825 et
472 755 632 825 concisae
665 753 953 825 narratiunculae
984 756 1028 824 de
1080 765 1201 837 aitaris.
1228 768 1409 845 Ciceroni,

58 871 136 928 statu
151 881 267 927 rerum
284 870 366 949 post
380 881 537 949 pugnam
553 857 600 925 ad
615 855 814 940 Mutinam,
841 869 876 926 et
890 868 1025 951 quanto

57 961 86 1027 in
102 959 251 1048 periculo
268 959 338 1028 iam
355 959 401 1030 sit
415 959 613 1050 respublica
629 958 767 1030 amissis
781 959 920 1030 duobus
942 982 1025 1028 con-

56 1062 180 1131 sulibus.
214 1059 354 1130 Deinde
369 1073 512 1144 narrat,
539 1061 624 1154 quid
640 1061 714 1153 ipse
730 1060 903 1132 instituat.
934 1057 1023 1130 ltem

54 1177 157 1231 narrat
171 1164 213 1232 de
227 1161 365 1256 Lepido
385 1175 420 1232 et
434 1162 610 1232 Pollione.

279 1311 415 1382 Aliud
450 1326 776 1404 argumentum.

135 1445 283 1524 Generis
304 1459 356 1518 est
378 1448 621 1532 deliberativi,
647 1449 836 1540 petitoria,
862 1449 919 1518 vel
935 1445 1019 1521 hor-

54 1547 178 1632 tatoria,
217 1561 259 1620 ut
286 1549 411 1621 Cicero
433 1551 630 1641 prospiciat
650 1550 885 1642 reipublicae,
926 1575 1018 1644 quae
1088 1551 1093 1566 '

54 1673 83 1716 ex
95 1673 166 1720 casu
182 1650 368 1746 utriusque
384 1651 537 1730 consulis
551 1675 658 1744 grave
674 1653 803 1724 vulnus
821 1665 1017 1744 acceperat.

53 1751 138 1818 llddit
168 1764 288 1822 autem
321 1754 701 1824 commemorationem
728 1778 876 1824 suorum
903 1755 1017 1824 consi-

52 1852 157 1922 liorum
174 1857 216 1923 de
230 1855 480 1950 persequendo
496 1855 655 1926 Antonio
671 1869 705 1926 ct
720 1855 880 1950 reliquiis
897 1857 1016 1948 copia-

53 1979 128 2036 mm,
158 1979 247 2048 quae
274 1959 405 2028 fractae
428 1971 461 2028 et
484 1957 684 2028 infirmatae
706 1969 811 2029 erant
833 1957 871 2026 in
895 1982 1013 2050 pugna

53 2054 227 2130 llutinensi.

174 2239 365 2313 Scholia
401 2243 448 2314 in
474 2245 722 2337 epistolam
749 2243 859 2340 X.⁸⁶).

65 2397 72 2424 '
129 2389 155 2482 i.
179 2396 211 2464 t.
251 2401 338 2470 Noa
362 2399 446 2470 mili
469 2393 725 2494 rempublicam]
764 2395 961 2469 Exordium
991 2421 1011 2466 a

53 2497 365 2566 commemoratione
391 2497 586 2568 officiorum
604 2497 806 2583 Ciceronis,
843 2523 910 2592 pro
935 2501 1012 2594 qui-

50 2593 97 2663 bus
110 2597 293 2688 pollicetur
308 2611 517 2690 perpetuam
533 2599 798 2691 gratitudinem.
904 2645 910 2656 ·

126 2694 153 2790 §-
167 2705 201 2776 2.
226 2705 389 2774 Primam
403 2697 569 2800 omnium]
597 2701 897 2797 Narrationes⁴⁷).

316 2851 710 2951 Argumentum⁴⁸).

125 2985 351 3058 Nuntiatoria
375 3002 429 3060 est
453 2989 619 3080 epistola,
660 2989 812 3082 ideoque
836 2990 909 3059 iere
930 3013 1010 3082 per·

49 3097 129 3172 petua
146 3092 303 3183 quadam
318 3091 526 3160 narratione
542 3101 699 3174 constat,
731 3090 802 3160 nisi
823 3093 920 3184 quod
942 3091 1009 3160 ini-

49 3187 84 3254 tio
96 3193 268 3280 quandam
294 3192 489 3282 gratiarnm
514 3192 691 3261 actionem
713 3187 820 3260 habet
841 3195 884 3262 de
904 3194 1008 3263 bene-

47 3290 169 3362 volentia
184 3306 216 3364 et
228 3294 353 3365 studio
363 3293 544 3368 Ciceronis
559 3293 597 3366 iu
611 3293 782 3384 dignitate
789 3293 894 3364 Bruti
908 3308 1009 3365 tuen-

48 3392 155 3486 dam).
205 3395 313 3465 Hanc
335 3395 454 3465 statim
479 3395 640 3489 sequitur
660 3397 821 3466 narratio
844 3399 888 3466 de
913 3400 1007 3490 peri·

47 3494 111 3564 exilis
129 3496 345 3589 reipublicae
360 3497 665 3589 impendentibus,
692 3521 783 3592 quae
806 3499 887 3568 ideo
912 3525 1007 3572 corn·

46 3613 211 3682 memorat,
235 3611 282 3670 ut
297 3599 505 3668 Ciceronem
529 3601 574 3668 ad
593 3599 769 3670 maiorem
792 3623 913 3671 curam
939 3603 1007 3674 rei-

45 3698 178 3783 publicae
200 3701 398 3772 extimulet.
450 3701 506 3769 Ad
528 3701 635 3774 finem
661 3700 808 3772 subiecit
824 3705 1005 3796 querelam

45 3799 141 3871 desua
157 3817 311 3895 egestate
330 3805 375 3872 ad
391 3802 637 3874 sustinendum
655 3803 860 3878 exercitum.

258 3955 396 4026 Aliud
424 3968 753 4046 argumentum.

121 4089 259 4182 Duplex
275 4105 328 4161 est
344 4101 594 4182 argumentum
611 4084 717 4160 huius
733 4089 920 4180 epistolae:
957 4091 1006 4159 al-

40 4195 132 4258 terum
153 4194 195 4262 de
215 4194 388 4284 praestito
415 4191 552 4275 officio,
586 4193 685 4284 quod
707 4192 934 4275 decreverat,
966 4205 1007 4262 ut

40 4281 122 4360 Bruti
143 4317 277 4364 nomen
300 4294 339 4363 in
357 4293 456 4365 fastis
479 4293 757 4374 adscriberetur3
791 4294 943 4364 alterum
962 4296 1005 4365 de

43 4443 225 4465 *nn—...-

64 4528 103 4583 44)
119 4529 235 4592 Lepido]
253 4529 303 4582 Ed.
325 4529 399 4582 4474.
419 4541 517 4586 errore
534 4533 662 4596 espasge:
686 4531 796 4594 neptus.

66 4611 178 4732 wigii
202 4616 394 4680 argumentum
411 4617 440 4668 et
457 4629 577 4680 sequena
594 4599 728 4668 adnuite.
745 4615 936 4672 tosa-toas.
955 4631 1005 4669 ex·

106 4695 114 4728 ι
148 4695 220 4735 nur.

61 4764 102 4820 tt)
116 4767 178 4817 uer.
194 4771 358 4832 argumento
375 4769 456 4822 uulua
469 4769 603 4834 epistolae
610 4769 695 4820 rotet.
705 4769 897 4834 4447-4444.,
917 4771 1005 4836 tata,

92 4835 180 4898 1444,
200 4837 278 4889 1444.
295 4839 400 4892 carent.

63 4915 104 4973 47)
119 4919 193 4969 llaec
203 4923 272 4971 nota
283 4922 312 4972 lu
324 4923 410 4974 aute.
425 4922 512 4988 iub,
531 4923 604 4975 tato.
623 4935 683 4974 cum
698 4924 875 4985 praecedenti
885 4923 914 4974 lu
925 4935 1005 4975 uuam

93 4985 131 5036 ais
151 4991 194 5038 eat
217 4989 376 5043 coniunctae
411 4992 479 5044 riou
495 4993 568 5044 ntae
589 4995 694 5057 resen]
719 4993 868 5044 morum
883 5021 919 5036 -
935 5003 1005 5058 gra-

93 5053 231 5108 titudinem
249 5059 311 5118 (uo
328 5059 405 5110 4444.
423 5059 660 5125 gratulationem).
693 5061 884 5113 numanae.

66 5133 385 5266 tal—lpppeargunu‘ppttum
399 5145 428 5196 et
440 5144 505 5196 duo
521 5144 663 5209 aarum
680 5143 710 5195 lu
725 5145 809 5200 ruet
825 5146 918 5213 1444,
937 5147 1005 5200 tata

66 5287 255 5419 spumea]
280 5296 323 5352 aa
345 5297 429 5350 utta.
449 5297 544 5366 issa,
568 5297 663 5365 rasae
700 5297 786 5354 urta.
805 5300 899 5367 esra,
927 5301 1003 5354 ross.

1085 462 1279 532 admodum
1302 467 1407 538 multi
1431 472 1634 564 opprimere
1657 482 1811 557 student.
1874 487 2072 566 Exordium

1083 556 1191 634 babet
1221 573 1609 646 commemorationem
1629 574 1734 654 huius
1756 587 1882 672 officii,
1925 605 1960 662 et
1986 617 2071 667 suae

1081 666 1329 754 gratitudinis,
1355 673 1475 743 addita
1489 679 1756 767 praedicatione
1772 687 1896 774 iudicii
1912 707 1947 762 et
1967 709 2070 768 auto·

1205 870 1213 886 .
1438 799 1503 868 ρει
1541 781 1780 860 collationem.
1824 869 1827 874 Δ
1861 793 2067 888 Sequuntur

1078 881 1302 942 narrationes
1319 874 1362 943 de
1377 879 1584 967 perturbata
1601 887 1800 976 republica,
1826 895 1871 964 de
1887 908 1982 967 statu
1997 901 2065 970 rei-

1076 969 1238 1060 publicae
1260 974 1452 1048 interfectis
1476 984 1695 1068 consulibus;
1727 989 1812 1062 item
1835 995 2064 1090 deAugusto,
2140 1059 2144 1080 .
2261 967 2264 974 ·

1075 1072 1119 1140 de
1132 1070 1327 1160 Antonio,
1349 1090 1384 1146 et
1408 1080 1482 1152 eius
1505 1085 1678 1168 consiliis;
1712 1090 1795 1163 item
1817 1098 1862 1166 de
1875 1097 2063 1184 Ventidio;

1073 1186 1256 1265 postremo
1274 1179 1317 1247 de
1334 1203 1398 1251 suo
1412 1184 1589 1270 exercitu,
1623 1214 1730 1284 quem
1752 1199 1890 1290 magnis
1914 1205 2062 1294 sumpti·

1072 1275 1137 1345 bus
1154 1277 1249 1348 alere
1267 1280 1416 1372 cogitur.
1467 1282 1510 1355 ln
1524 1289 1594 1357 liue
1619 1291 1740 1364 brevis
1763 1311 1816 1370 est
1838 1302 2060 1390 pollicitatio,

1072 1379 1169 1470 quod
1184 1381 1227 1448 de
1242 1378 1401 1452 Antonio
1420 1383 1457 1456 in
1471 1388 1572 1458 brevi
1587 1393 1692 1482 plura
1708 1397 1794 1468 velit
1808 1403 1972 1478 scribere.
1990 1445 1993 1452 ⁴

1315 1547 1454 1621 Aliud
1483 1575 1805 1646 argumentum.

1169 1677 1366 1753 Exordium
1390 1681 1498 1756 habet
1523 1703 1903 1772 commemorationem
1923 1709 2057 1781 officio-

1067 1801 1169 1865 rum,
1202 1808 1294 1878 quae
1316 1786 1354 1854 in
1368 1787 1520 1860 Brutum
1545 1795 1696 1868 contulit
1714 1799 1857 1886 Cicero,
1890 1830 1957 1898 pro
1976 1813 2056 1905 qui·

1066 1881 1154 1966 bus,
1180 1885 1266 1955 darm
1283 1911 1320 1957 se
1336 1902 1477 1980 gratum
1491 1893 1567 1961 sore
1584 1899 1781 1986 promittit,
1815 1903 1997 1981 invehitur
2017 1913 2056 1982 in

1067 1982 1309 2072 adversarios,
1334 1991 1482 2083 quisuis
1498 1993 1663 2068 laudibus
1677 2024 1752 2072 non
1767 2007 1945 2081 favebant.
1985 2011 2055 2082 Re-

1065 2083 1161 2178 liqua
1187 2088 1357 2180 epistolae
1380 2116 1463 2184 pars
1485 2099 1730 2172 narrationem
1753 2101 1860 2178 habet
1881 2111 1924 2180 de
1949 2115 2055 2184 caede

1065 2189 1269 2274 consulum,
1296 2193 1339 2261 de
1355 2191 1534 2280 Antonio,
1559 2198 1720 2290 Augusto
1739 2219 1774 2274 et
1795 2210 1885 2282 aliis.
1937 2213 2053 2286 Porro

1063 2288 1294 2376 beneficium,
1333 2319 1401 2386 pro
1431 2322 1502 2399 quo
1532 2303 1684 2388 gratiam
1707 2311 1886 2402 promittit
1908 2313 2053 2400 Brutus,

1064 2384 1133 2460 hoc
1150 2406 1220 2477 cst,
1255 2397 1353 2490 quod
1367 2395 1490 2467 Cicero
1506 2397 1611 2470 Bruti
1625 2426 1758 2474 nomen
1774 2407 1811 2477 in
1828 2413 1937 2484 fastos
1951 2415 2054 2487 iussit

1063 2493 1207 2578 referri,
1243 2509 1282 2566 ut
1308 2511 1480 2590 perpetua
1515 2505 1690 2574 memoria
1725 2523 1860 2582 extaret
1893 2518 2052 2590 nominis

1064 2593 1138 2664 eius
1161 2594 1199 2664 in
1222 2599 1374 2688 publicis
1403 2601 1501 2671 urbis
1527 2611 1780 2682 monumentis.
1846 2613 1988 2688 Recitat
2012 2619 2052 2690 id
2118 2645 2128 2658 ³

1064 2693 1187 2764 Cicero
1202 2697 1240 2767 in
1265 2700 1414 2792 epistola
1430 2705 1491 2775 21.
1513 2706 1559 2773 ad
1574 2707 1746 2795 Brutum,
1779 2715 1842 2784 ubi
1864 2717 1972 2788 etiam
1995 2716 2052 2792 his

1063 2798 1179 2869 verbis
1200 2803 1365 2871 meminit
1388 2805 1675 2880 adversariorum
1691 2813 1814 2885 Bruti:
1848 2815 1964 2912 Atque
1987 2821 2050 2891 illo

1061 2898 1119 2967 die
1144 2905 1316 2990 cognovi,
1356 2905 1465 2994 paulo
1491 2907 1616 2997 plures
1639 2910 1677 2978 in
1698 2927 1825 2986 senatu
1849 2921 2051 2995 malevolos

1062 3023 1153 3082 ease,
1178 3025 1286 3102 quam
1303 3017 1435 3095 gratos.

1217 3184 1539 3279 Argumentum
1566 3194 1797 3286 epistolae
1823 3200 1881 3274 Xl.

1160 3335 1385 3434 Narratiow)
1416 3339 1460 3409 de
1481 3337 1633 3412 Antonii
1662 3347 1884 3448 proiectione
1915 3365 1949 3424 et
1977 3379 2051 3450 spe,

1060 3436 1144 3506 item
1171 3439 1216 3508 de
1241 3463 1306 3509 suo
1330 3439 1449 3509 studio
1471 3465 1539 3532 pro
1566 3446 1760 3535 republica.
1963 3455 1965 3462 ’

1260 3593 1396 3662 Aliud
1428 3597 1839 3695 argumentum⁸⁹⁸).
1871 3569 1872 3576 .

1160 3723 1224 3796 Est
1253 3737 1289 3794 et
1314 3721 1402 3796 haec
1430 3727 1579 3818 epistola
1599 3731 1831 3804 nuntiatoria.
1889 3736 2048 3832 Exponit

1059 3826 1155 3896 enim
1176 3826 1358 3898 Ciceronis
1374 3841 1523 3900 conatus
1539 3831 1577 3898 in
1599 3856 1636 3902 se
1658 3834 1905 3906 confirmando
1921 3843 2048 3916 adver-

1057 3953 1116 4000 sus
1138 3927 1349 4001 Antonium.
1412 3928 1609 4002 Exordium
1635 3934 1766 4006 iterum
1789 3932 1897 4008 babet
1917 3945 2049 4032 gratia·

1057 4055 1138 4100 rum
1154 4029 1350 4114 actionem,
1375 4033 1437 4101 sed
1456 4034 1671 4106 breviorem.
1726 4036 1866 4108 Deinde
1890 4056 1941 4112 est
1964 4069 2049 4114 nar·

1056 4133 1169 4217 ratio,
1188 4133 1281 4228 'quid
1295 4130 1475 4205 Antonius
1489 4137 1678 4220 moliatur,
1706 4150 1741 4205 et
1758 4139 1845 4232 quid
1861 4141 1936 4232 ipse
1956 4159 2049 4237 agat.

1055 4233 1097 4303 ln
1117 4236 1187 4304 fine
1209 4231 1376 4306 hortatur
1400 4259 1480 4308 eum
1507 4261 1588 4306 cum
1618 4239 1663 4305 ad
1690 4239 1927 4335 reipublicae,
1970 4259 2047 4332 tuna
2163 4290 2165 4299 ι

1057 4338 1163 4407 etiam
1181 4338 1226 4406 ad
1242 4337 1296 4408 sui
1310 4338 1564 4408 defensionem.
1952 4333 1958 4342 ’
2014 4363 2018 4374 ’

1308 4504 1445 4574 Aliud
1471 4521 1800 4598 argumentum.

1156 4637 1315 4732 Epistola
1330 4651 1383 4708 est
1396 4639 1553 4710 eiusdem
1576 4643 1777 4734 argumenti
1802 4667 1883 4716 curn
1904 4671 2046 4742 praece.
2166 4703 2168 4706 .

1056 4743 1181 4825 dente,
1206 4742 1245 4809 in
1260 4763 1331 4833 qua
1348 4742 1504 4832 primum
1518 4744 1741 4835 paucissimis
1763 4747 1917 4820 officium
1941 4776 2046 4844 prae.

1056 4842 1169 4927 dicat,
1200 4855 1236 4914 et
1259 4865 1361 4912 suam
1382 4843 1635 4934 gratitudinem
1658 4847 1856 4937 pollicetur.
1908 4851 2047 4926 Deinde

1088 5069 1137 5136 49)
1155 5073 1224 5126 fluis
1235 5077 1297 5130 voci
1310 5077 1339 5130 lu
1349 5077 1433 5130 Editt.
1443 5079 1645 5147 toto-ioan,
1659 5081 1746 5147 4444,
1762 5081 1847 5147 4447,
1867 5084 1939 5137 4444.
1959 5099 2044 5148 prae·

1122 5141 1179 5192 lixa
1194 5147 1260 5195 aunt
1277 5147 1335 5198 cto.
1351 5149 1440 5200 verta
1458 5145 1499 5214 (5.
1514 5150 1569 5209 i.)e
1593 5151 1702 5204 Eodem
1718 5153 1863 5216 camapio,
1881 5151 1979 5214 quibua
1995 5157 2045 5208 tuo

1122 5216 1313 5275 argumentum
1329 5215 1359 5268 tn
1376 5217 1427 5266 444.
1447 5215 1523 5269 4447.
1541 5217 1571 5267 tn
1587 5217 1714 5282 margiue
1731 5221 1777 5268 eet
1793 5219 1956 5280 appositum.

1088 5295 1156 5357 494)
1174 5301 1233 5352 tlon
1248 5303 1439 5364 argumentum
1456 5306 1485 5353 et
1501 5303 1554 5356 duo
1571 5301 1715 5367 mqueutta
1733 5303 1762 5352 to
1785 5301 1964 5374 4444444444,
1980 5309 2047 5362 tatto

1130 5369 1243 5423 -toaa
1261 5369 1424 5422 afferuntur.

1382 5433 1469 5513 25*
