4624 5792
49 213 137 291 ⁷29
212 211 352 288 XXXII.
378 219 416 290 2.
454 211 856 292 utruapnsst'a'rlo
877 209 1147 290 ORATlONlS
1170 213 1521 293 uulnrfflscatt
1543 215 1587 292 ll.
1610 217 1966 298 DEMOSTHDNIS.
2039 229 2117 302 780

48 411 142 458 cum
159 387 262 458 domi
273 387 409 459 bellum
425 389 623 479 gerendum
642 400 713 474 est,
747 388 799 458 ibi
814 399 1010 482 erumpunt
1024 410 1067 461 ar
1118 388 1218 460 stulti
1235 390 1330 476 estis,
1351 403 1405 478 ut,
1428 389 1559 485 quibos
1573 391 1691 464 modis
1705 395 1905 487 respublica
1918 423 1962 470 ex
1975 403 2117 494 magnis

49 492 228 582 produnt
244 515 281 564 se
297 490 394 562 mala
410 491 618 564 domestica.
1048 521 1052 530 ·
1119 491 1248 582 opibus
1261 493 1300 562 in
1314 495 1530 567 deteriorem
1545 507 1678 567 statum
1693 496 1793 590 lapsa
1808 512 1872 585 est,
1896 501 2021 575 iisdem
2037 529 2116 579 mo-

165 593 208 664 si
222 593 303 688 quis
318 606 438 666 autem
454 591 617 686 Philippi
633 593 841 688 [elicitatem
863 593 1065 664 formidari·
1118 594 1173 664 dis
1195 596 1349 688 speretis*
1368 621 1412 668 ex
1433 597 1611 668 deteriore
1635 601 1841 672 conditione
1865 603 1906 672 in
1927 606 2116 679 meliorem

48 696 146 764 dam
170 719 246 766 esse
270 695 448 795 putatffi),
482 722 556 792 quo
577 697 697 768 nrinus
717 695 751 766 ei
774 697 907 768 bellum
931 697 1065 766 insera-
1117 697 1260 768 restitui
1272 722 1388 791 posse.
1441 699 1511 770 Sed
1527 725 1645 796 neque
1660 716 1940 778 consentaneum
1956 720 2028 793 est,
2052 735 2117 784 ne-

47 822 162 880 mus,
186 801 385 890 prudenter
404 800 444 867 id
466 799 618 890 cogitat,
652 801 752 894 quod
772 793 958 870 hominem
986 821 1065 868 cor·
1118 823 1188 892 que
1212 813 1342 872 natura
1367 802 1504 894 patitur
1519 799 1601 874 boc.
1659 804 1814 878 Facilius
1838 810 1934 878 enim
1958 824 2011 882 est
2029 813 2116 882 reti·
2166 843 2171 852 ¹

45 902 188 978 datum
213 902 344 971 merito
367 925 514 972 movere
534 903 651 973 debet.
716 901 812 974 Nam
835 901 874 971 in
898 900 1065 972 omnibus
1116 925 1203 972 nere
1220 915 1325 994 parta
1338 904 1458 988 bona,
1491 929 1601 999 quam
1622 907 1666 978 de
1689 932 1786 979 novo
1810 933 1953 1002 parare.
2009 914 2116 986 Nunc

44 997 232 1072 humanis
246 1004 399 1096 negotiis
413 1005 568 1076 multum
584 1005 689 1074 affert
709 1004 888 1073 momenti
906 1004 1065 1088 fortuna,
1117 1017 1237 1074 autem
1252 1006 1385 1076 bellum
1402 1002 1494 1076 nibil
1507 1008 1656 1103 reliquit
1669 1011 1774 1082 nobis
1788 1014 1897 1099 soris,
1921 1018 2020 1109 quod
2041 1041 2115 1088 ser-

1 1131 2 1146 2
45 1105 177 1174 immo
194 1105 234 1174 in
248 1107 324 1178 eius
338 1118 516 1198 potestate
532 1120 617 1196 sont
634 1106 775 1181 ‘omnia
833 1106 913 1179 Hoc
937 1129 1064 1202 quam-
1115 1131 1260 1194 vemns,
1286 1110 1349 1182 sed
1373 1111 1534 1202 paranda
1558 1135 1683 1184 rursus
1704 1126 1788 1185 sunt
1812 1117 1934 1187 omnia
1958 1118 2003 1188 de
2023 1118 2115 1190 inte-

1 1233 3 1269 ι
50 1231 177 1301 quam
196 1209 247 1278 ita
267 1205 449 1295 sehabet,
481 1223 604 1280 tamen
625 1210 657 1281 si
682 1205 772 1279 mibi
796 1209 967 1282 alterutra
990 1211 1065 1280 for·
1117 1233 1192 1301 gro.
1247 1211 1383 1284 Censeo
1398 1213 1510 1306 igitur
1523 1238 1587 1286 vos
1604 1215 1734 1286 debere
1748 1219 1918 1310 pecunias
1939 1222 2115 1308 conferre,

1 1336 2 1340 ¹
45 1322 150 1379 tuna
176 1311 224 1380 sit
251 1312 432 1404 optanda,
472 1336 549 1382 non
572 1311 732 1383 dubitem
755 1315 937 1404 praeferre
963 1313 1064 1384 urbis
1116 1337 1193 1384 non
1207 1315 1384 1405 gravatim
1398 1315 1569 1402 militare,
1587 1318 1770 1388 neminem
1785 1343 1971 1408 accusare,
1995 1325 2114 1416 prius-

1 1417 3 1477 ἶ
48 1425 212 1485 nostrae
243 1415 448 1498 fortunam,
480 1418 591 1486 modo
615 1439 662 1485 ue
683 1415 753 1508 ipsi
779 1417 899 1488 deesse
923 1416 957 1484 ei
977 1415 1064 1485 veli·
1117 1441 1226 1512 quam
1240 1419 1456 1490 debellatum
1473 1421 1539 1502 sit,
1564 1443 1606 1490 ac
1621 1431 1698 1492 tum
1717 1423 1861 1493 demum
1886 1448 1929 1494 ex
1948 1437 2026 1496 toto
2041 1451 2114 1498 ne-

1 1547 2 1582 :
46 1541 155 1599 mus,
181 1520 245 1586 sed
259 1517 408 1610 paulum
425 1519 535 1587 modo
551 1519 668 1588 lacere
686 1542 747 1604 ea,
774 1544 866 1614 quae
883 1518 1064 1590 convenit.
1116 1518 1215 1610 gotio
1238 1518 1417 1608 iudicare,
1450 1534 1486 1592 et
1504 1522 1598 1592 bene
1620 1523 1767 1596 meritos
1791 1521 1932 1598 honore
1958 1529 2112 1614 afficere,

44 1617 194 1690 Plures
207 1621 304 1690 enim
322 1619 524 1692 occasiones
540 1621 593 1691 rei
608 1623 700 1692 bene
713 1621 892 1714 gerendae
902 1645 941 1691 se
958 1623 1063 1694 nobis
1115 1621 1209 1695 male
1224 1623 1373 1694 meritos
1387 1649 1516 1716 poena.
1572 1622 1614 1696 In
1639 1629 1843 1718 praesentia
1866 1653 1953 1699 vero
1977 1632 2113 1702 auferte

46 1723 241 1807 offerunt,
267 1746 377 1817 mam
396 1717 587 1818 Philippo,
613 1749 707 1818 quae
729 1737 813 1796 sunt
834 1725 1064 1818 significatio·
1116 1727 1360 1800 ancusationes
1382 1728 1490 1811 illas,
1531 1725 1570 1797 in
1602 1729 1731 1823 quibus
1755 1731 1888 1822 singuli
1910 1734 2052 1825 culpam
2073 1735 2114 1806 iu

1 1857 6 1865 v
43 1849 121 1896 nes
147 1826 421 1896 benevolentiae
442 1826 605 1899 Deorum
635 1851 720 1919 erga
743 1851 823 1900 nos.
889 1828 981 1911 Sed,
1021 1838 1064 1897 ut
1116 1828 1270 1900 aliorum
1295 1843 1413 1899 ermta
1435 1830 1636 1903 conterunt.
1693 1833 1778 1905 Noa
1803 1833 1902 1902 enim
1924 1836 2026 1906 decet
2045 1859 2145 1908 nos·
2177 1885 2180 1898 ¹

1 1993 2 2000 ,
44 1928 189 2013 video,
217 1951 394 2024 cessamus
410 1930 529 2004 otiosi.
579 1929 697 2001 Porro
715 1953 761 2000 ne
786 1931 893 2000 amici
916 1930 1062 2028 quidem
1116 1933 1242 2002 acerbe
1255 1931 1294 2002 in
1308 1933 1463 2003 aliorum
1487 1946 1605 2004 errata
1617 1934 1830 2029 inquirere,
1857 1935 1888 2007 si
1909 1936 1979 2028 ipsi
2002 1958 2113 2010 cesse-

43 2030 191 2100 iuvant
209 2055 448 2128 quemquam,
474 2032 506 2106 si
525 2033 614 2128 quid
628 2033 679 2104 eis
694 2035 859 2118 mandet,
886 2058 968 2106 cum
985 2027 1066 2126 ipse'
1115 2060 1195 2106 mus
1211 2035 1367 2108 officium
1380 2049 1550 2107 nostrum
1563 2037 1691 2109 lacere.
1744 2037 1865 2131 Quam
1886 2039 1981 2110 enim
2007 2053 2113 2134 puta-

38 2129 156 2204 nihil
181 2147 284 2226 agat,
308 2146 451 2206 tantum
478 2137 598 2219 abest,
630 2149 672 2210 ut
685 2131 748 2206 Dii
768 2137 895 2206 iuvent
916 2130 1063 2210 otiosos.
1115 2135 1160 2210 tis
1177 2163 1251 2210 esse
1266 2163 1434 2224 causam,
1460 2163 1524 2210 cur
1541 2163 1667 2212 omnes
1680 2141 1799 2214 nostri
1815 2143 1923 2214 duces
1946 2138 2015 2214 boc
2037 2143 2114 2217 bel·

1 2255 3 2313 t
43 2233 188 2330 ltaque
201 2251 348 2308 nonest
362 2238 497 2309 mirum
510 2235 729 2331 Philippum.
744 2240 899 2325 vincere,
916 2240 1062 2334 quimi-
1112 2241 1189 2312 lum
1213 2241 1408 2333 fugientes,
1450 2239 1530 2311 aliis
1553 2242 1646 2314 locis
1668 2243 1954 2316 malint-bellum
1976 2269 2113 2339 gerere,

43 2341 161 2436 litiae
184 2341 347 2410 laborem
363 2362 439 2410 non
456 2342 649 2434 detrectat,
679 2355 716 2412 et
736 2343 870 2436 ubique
895 2342 1061 2428 accurrit,
1113 2343 1306 2438 siquidem
1324 2344 1516 2414 dicendum
1532 2356 1602 2430 est,
1629 2348 1800 2440 quadres
1819 2360 1892 2431 est,
1922 2349 1994 2420 nisi
2013 2351 2113 2444 quod

1 2483 9 2516 ¹-:
42 2466 179 2537 neque
202 2444 314 2514 ullam
339 2444 648 2536 opportunitatem
674 2457 736 2516 aut
759 2445 983 2524 occasionem
1007 2445 1061 2515 rei
1112 2442 1205 2532 buc,
1230 2447 1294 2518 ubi
1309 2447 1390 2538 plus
1406 2449 1459 2517 est
1474 2447 1644 2538 periculi,
1668 2449 1812 2544 parcius
1826 2449 2004 2542 stipendia
2027 2452 2112 2521 mit-

1 2611 2 2614 ,
44 2549 153 2617 bene
169 2545 514 2638 gerendaeamittit,
539 2547 642 2618 vohis
663 2548 809 2621 iuterim
832 2547 1060 2620 contantibus
1113 2548 1205 2634 titis,
1232 2562 1269 2620 et
1289 2547 1375 2620 belli
1395 2549 1558 2642 praemia
1580 2575 1646 2622 vos
1668 2552 1862 2646 occupatis.
1920 2551 1994 2648 Ipsi
2013 2554 2112 2624 enim
2207 2599 2212 2616 ι

1 2691 15 2728 >a
46 2663 90 2720 et
110 2649 388 2734 decernentibus
405 2664 441 2734 ‚et
458 2650 671 2743 rogantibus
693 2651 898 2732 sententias.
919 2647 1061 2732 „Nihil
1112 2651 1184 2737 lepti
1198 2651 1306 2724 vultis
1322 2642 1434 2746 captis
1448 2647 1616 2736 urbibus,
1641 2656 1729 2724 alibi
1746 2655 1866 2731 miuus
1883 2669 1937 2728 est
1947 2657 2113 2750 periculi,

44 2754 173 2844 igitur
200 2753 314 2823 miror
339 2751 552 2846 Philippum
577 2753 741 2840 vincere,
780 2755 894 2824 immo
918 2767 1061 2830 contra·
1111 2767 1149 2825 et
1160 2757 1497 2850 prtedaamplior,
1529 2759 1625 2830 unde
1646 2758 1956 2832 faciliusaluntur
1978 2760 2113 2830 exerci-

43 2857 155 2926 tium
182 2855 356 2941 mirarer,
390 2858 510 2928 sinos
534 2857 573 2928 iu
596 2857 662 2927 ista
687 2857 832 2950 ignavia
855 2858 1060 2950 superiores
1111 2872 1190 2944 tus,
1231 2883 1345 2954 quare
1372 2884 1457 2931 suae
1481 2859 1632 2930 utilitati
1653 2863 1760 2934 duces
1780 2862 1901 2954 potius
1926 2864 2112 2934 consulere

4 3017 12 3046 ,
44 2981 216 3030 essemus
229 2981 273 3028 eo
282 3005 298 3043 ,1
319 2960 383 3053 qui
398 2957 542 3032 summa
555 2959 858 3055 industriaatque
881 2959 1058 3032 aterrinm
1112 2975 1302 3052 coguntur.
1353 2963 1423 3032 Sed
1439 2987 1504 3034 vos
1526 2963 1566 3032 in
1585 2959 1642 3035 his
1665 2965 1818 3058 publicis
1842 2965 1947 3036 malis
1968 2977 2112 3036 tantum

5 3089 15 3118 ‘-
41 3060 180 3133 studio
194 3083 272 3132 rem
294 3063 397 3153 gerit.
456 3061 597 3133 Deinde
617 3059 688 3132 boc
710 3064 844 3150 miror,
878 3064 971 3134 adeo
994 3087 1059 3135 vos
1113 3065 1286 3136 accusatis
1314 3065 1440 3145 duces;
1482 3065 1616 3139 deiude
1637 3091 1719 3138 tum
1744 3065 1860 3136 facitis
1891 3067 1941 3138 eis
1968 3065 2112 3136 dicendi

1 3211 16 3252 ¹:
43 3163 250 3234 dissimiles
264 3187 338 3236 esse
349 3164 533 3238 maiorum
549 3179 772 3252 vestrorum,
799 3167 863 3262 qni
886 3191 956 3260 pro
975 3167 1060 3237 reli·-
1110 3180 1345 3262 potestatem,
1386 3166 1518 3240 omissa
1538 3169 1757 3261 reipublicae
1780 3191 1886 3253 eura,
1924 3169 2112 3242 intervos

6 3315 16 3356 5
42 3266 137 3361 quis
147 3265 301 3338 Graecis
317 3269 451 3348 bellarm
466 3270 668 3340 intulerunt
678 3268 997 3355 Lacedaemoniis,
1024 3283 1060 3340 et
1102 3270 1301 3357 rixamini,
1328 3283 1363 3340 et
1379 3269 1442 3340 alii
1457 3269 1545 3342 alias
1561 3295 1685 3343 causas
1703 3295 1778 3343 esse
1799 3271 2028 3364 publicarum
2053 3294 2112 3340 ca·

7 3422 13 3460 c
43 3393 139 3439 cum
155 3382 246 3440 esset
264 3373 405 3442 occasio
424 3374 609 3464 augendae
623 3374 806 3466 potentiae
829 3369 937 3446 huius
958 3374 1058 3444 uobis
1108 3375 1314 3444 lamitatum
1348 3373 1589 3460 contenditis,
1635 3400 1714 3446 cum
1745 3372 1892 3466 'interim
1923 3372 2112 3445 fateamini

1 3531 3 3548 Ι
44 3495 122 3565 per
137 3471 324 3558 fraudem,
350 3487 473 3547 tamen
489 3476 887 3562 idiacerenoluerunt,
913 3479 976 3550 sed
991 3499 1057 3548 suo
1111 3499 1257 3562 omnes,
1282 3476 1543 3568 rempublicam
1558 3477 1654 3549 male
1678 3503 1715 3549 se
1738 3473 1885 3550 habere.
1943 3477 2111 3548 Primum

47 3585 205 3667 sumptu
221 3588 329 3671 atque
352 3579 512 3670 periculo
534 3579 670 3649 bellum
696 3593 899 3671 gesserunt,
925 3603 972 3649 ne
996 3579 1058 3649 alii
1110 3580 1220 3670 igitur
1232 3575 1302 3650 hoc
1315 3579 1520 3650 faciendum
1540 3592 1629 3664 erat,
1657 3581 1802 3670 collegia
1820 3580 1997 3672 descripta
2013 3591 2110 3663 sunt,
2151 3655 2159 3680 Ι

7 3741 12 3770 ,
46 3677 189 3746 iniuste
208 3679 512 3772 opprimerentur,
535 3681 764 3750 contulerunt
778 3683 961 3772 pecunias,
982 3681 1058 3772 pri·
1108 3678 1180 3750 hoc
1196 3680 1323 3750 ordine
1341 3705 1408 3750 vos
1426 3682 1589 3750 conferre
1612 3683 1793 3774 oportuit,
1826 3705 1923 3751 nunc
1945 3707 2010 3754 vos
2030 3695 2112 3750 tan-

7 3832 13 3842 ,
46 3780 106 3850 mi
122 3779 324 3871 periculum
339 3784 518 3856 adierunt.
569 3783 675 3856 Nunc
690 3797 812 3854 autem
826 3808 891 3854 vos
907 3783 946 3851 in
961 3785 1057 3874 peri·
1109 3797 1186 3855 tum
1203 3778 1273 3852 hoc
1288 3781 1415 3852 ordine
1430 3781 1619 3868 rixamini,
1649 3795 1685 3852 et
1705 3779 1814 3853 habet
1836 3785 2008 3856 alterutra
2024 3809 2111 3878 pars

1 3924 3 3927 ·
47 3883 137 3953 culo
155 3877 356 3956 vestrarum
376 3888 605 3959 fortunarum
627 3884 802 3969 militare,
835 3899 870 3954 et
893 3887 1057 3956 conferre
1111 3896 1295 3954 oratorem
1321 3897 1356 3954 et
1377 3885 1505 3954 ducem
1536 3885 1676 3955 oratori
1700 3887 1917 3972 obnoxium,
1960 3900 1996 3958 et
2025 3884 2110 3957 huic

6 4043 11 4082 ;
46 3985 247 4080 pecuniam
281 3989 464 4060 recusatis.
531 3987 631 4058 Alios
656 3995 763 4080 saep'e
787 3987 953 4060 servastis
979 3999 1056 4056 tum
1110 3988 1260 4058 trecenti
1291 3986 1365 4058 eius
1393 3987 1534 4080 collegii
1555 3992 1704 4075 adsunt,
1745 3990 1884 4085 reliqua
1915 3991 2109 4062 multitudo

45 4087 263 4174 universos,
289 4102 365 4160 tum
381 4091 559 4184 singulos,
586 4114 683 4161 nunc
699 4091 963 4174 vero‘cessatis,
998 4115 1058 4159 ve·
1109 4091 1243 4184 partim
1264 4086 1343 4176 his,
1368 4090 1513 4184 partim*
1528 4091 1743 4164 adversariis
1763 4093 1870 4164 lavet.
1930 4093 2030 4186 Quin
2052 4088 2109 4162 his

1 4189 8 4270 ζ,
47 4190 139 4264 stris
162 4192 269 4262 rebus
292 4192 441 4264 amissis.
505 4191 608 4262 Hanc
637 4219 702 4286 ego
729 4191 1055 4266 dissimilitudinem
1112 4193 1252 4265 omissis
1270 4193 1426 4280 efficitis,
1460 4208 1501 4268 ut
1525 4193 1564 4265 in
1588 4219 1654 4266 sua
1677 4195 1827 4290 quisque
1850 4206 2027 4287 potestate
2052 4194 2110 4278 sit,

1 4280 8 4370 f
45 4288 290 4365 vehementer
304 4295 476 4367 admiror.
534 4292 675 4367 Deinde
698 4296 736 4367 id
760 4321 923 4392 quoque,
958 4297 1054 4391 quod
1110 4317 1151 4366 ac
1171 4295 1283 4368 libere
1299 4297 1541 4391 derepublica
1556 4297 1716 4368 iudicare
1732 4298 1865 4392 possit,
1892 4311 1927 4368 et
1948 4311 1991 4368 ut
2011 4321 2108 4367 corn-

46 4420 166 4468 nemo
190 4411 348 4468 vestrum
376 4408 565 4492 supputat,
611 4425 719 4494 quam
753 4399 862 4491 longo
893 4412 1055 4492 tempore
1079 4445 1080 4448 =
1108 4400 1212 4470 muni
1229 4399 1377 4471 consilio
1393 4401 1534 4494 paritur
1555 4413 1591 4471 et
1613 4401 1736 4470 dicant
1756 4401 1949 4472 sententias
1973 4412 2008 4470 et
2030 4424 2109 4468 mu·
2183 4405 2196 4426 ⁰

47 4527 136 4571 cum
155 4493 325 4593 Philippo
343 4501 476 4572 bellum
497 4503 730 4594 gesserimus,
764 4505 861 4597 quod
881 4503 931 4572 ita
955 4502 1057 4586 abiit,
1107 4524 1196 4574 nera
1214 4503 1356 4574 obeant.
1409 4503 1609 4574 sinautem
1626 4505 1827 4576 concedetis
1842 4503 2041 4587 nonnullis,
2067 4511 2109 4574 ut

46 4617 94 4674 ut
111 4603 257 4672 interim
273 4599 364 4673 nibil
382 4628 402 4674 a
417 4603 742 4676 nobismemoratu
764 4605 912 4698 dignum
936 4617 1055 4676 actum
1107 4606 1207 4675 velut
1221 4607 1413 4702 tyrannide
1430 4609 1640 4700 opprimant
1658 4607 1938 4701 rempublicam
1977 4606 2107 4678 deinde

1 4705 3 4711 ’
48 4706 112 4778 sit.
180 4703 328 4776 Etenim
358 4708 443 4777 dum
477 4729 663 4800 speramus
688 4709 915 4779 cantantibus
938 4709 1057 4792 nobis,
1107 4720 1150 4780 ut
1164 4709 1228 4778 alii
1243 4721 1418 4804 cogantur
1433 4710 1611 4781 instruere
1630 4712 1776 4796 classes,
1801 4711 1986 4797 conferre,
2012 4710 2108 4782 mili-

50 4807 149 4880 alios
163 4831 242 4878 rem
258 4821 420 4880 nostram
438 4821 580 4882 acturos
598 4835 692 4895 esse,
725 4813 812 4882 dum
835 4837 903 4883 nos
928 4826 1055 4884 mutuo
1108 4822 1208 4895 tare,
1249 4811 1312 4881 alii
1336 4837 1424 4882 vero
1449 4825 1490 4884 ut
1512 4815 1683 4886 adversus
1704 4811 1771 4884 hos
1794 4815 1937 4885 decreta
1959 4815 2107 4898 saciant,

51 4935 285 4999 accusamus,
312 4925 347 4982 et
361 4913 401 4982 in
416 4913 547 4983 iudicia
565 4938 757 5000 vocamus,
779 4913 909 4989 deinde
925 4916 1057 4985 iterum
1107 4937 1226 5009 neque
1242 4928 1365 4986 tamen
1386 4929 1450 4987 aut
1470 4917 1662 5010 pecuniam
1685 4929 1749 4986 aut
1771 4942 1920 5010 operam
1945 4918 1991 4986 ad
2013 4941 2108 4987 rem·

51 5038 264 5108 speramus,
304 5016 458 5112 denique
480 5017 565 5086 drrm
590 5018 725 5086 calere
750 5017 923 5102 iacimus,
964 5041 1056 5112 quae
1107 5019 1288 5110 publicam
1323 5019 1528 5106 conferant,
1568 5015 1661 5090 nibil
1691 5044 1851 5117 unquam
1879 5020 2107 5112 intempore

47 5144 153 5190 nunc
168 5119 279 5203 liunt,
305 5131 447 5213 tempus
462 5145 569 5192 omne
582 5118 780 5213 praeteriit.
818 5119 948 5192 Postea
965 5123 1056 5191 adeo
1107 5121 1187 5206 liet,
1213 5134 1277 5192 aut
1290 5121 1359 5193 rite
1385 5123 1463 5215 geri
1482 5124 1628 5216 poterit.
1689 5123 1784 5195 Nam
1809 5148 1850 5193 ea
1875 5146 1979 5214 pars,
2013 5145 2106 5214 quae

1 5208 3 5238 '
1109 5222 1242 5294 iniuria
1274 5226 1448 5313 allicitur,
1487 5250 1569 5297 non
1594 5237 1715 5321 potest
1742 5237 1916 5318 perpetuo
1942 5235 2107 5315 sumptus

87 5325 141 5384 ⁸³³
159 5323 195 5374 ¹¹·
207 5323 227 5374 ¹·
245 5321 275 5372 ¹¹¹
287 5321 372 5374 mli·
387 5321 475 5388 ’Μ’
494 5320 570 5373 ¹⁸⁴⁷·
589 5323 683 5372 Μ·
698 5321 835 5390 margin:
854 5321 988 5374 (ΝΜ
1005 5323 1058 5373 ⁰¹³·
1109 5327 1284 5408 tolerare;
1307 5329 1439 5400 deinde
1453 5353 1518 5402 vus
1540 5329 1764 5402 constituetis
1787 5350 1924 5420 poenas
1949 5325 1988 5394 in
2013 5325 2108 5394 iniu-

124 5391 271 5444 tecttonen
289 5392 323 5441 da
340 5391 467 5456 tortum
496 5391 610 5455 opponit
627 5391 720 5442 autem
737 5393 814 5444 ortis
833 5391 976 5444 tortorem
988 5390 1058 5442 Phl-

1 5444 3 5458 '
122 5461 193 5526 appr
210 5459 350 5513 tommo.
1109 5431 1164 5502 ria
1180 5431 1345 5519 allectos,
1370 5432 1524 5503 velutin
1538 5429 1672 5507 hostes.
1728 5430 1888 5502 Proinde
1909 5427 1949 5498 in
1967 5449 2107 5502 summa
