4548 5788
29 209 95 294 sss
200 201 387 282 xxxvuc
429 201 657 282 manaen
683 201 947 284 aarum
968 203 1218 284 momnis
1245 207 1445 284 muana
1470 211 1856 298 musuuoureu.
1927 173 1930 180 ⁸
1975 219 2056 303 arr

27 377 379 474 banhaccersitur'est,
393 373 506 452 ethoc
520 393 741 472 postremum
757 381 905 465 bellum,
918 393 1005 452 suut
1057 383 1124 452 dae
1144 380 1383 463 virescerent
1401 385 1848 481 Graecarumoeioitatum,
1879 401 2052 491 probabi..

25 485 103 560 soni.
121 493 272 577 sqitern,
307 485 355 555 ed
384 486 482 578 quod
507 507 588 554 nou¹
609 507 636 554 a
654 479 859 568 Thebanis,
894 485 958 555 sed
980 509 1006 554 a
1054 483 1278 558 terrationes
1295 483 1521 576 habuerunt,
1545 517 1610 564 cor
1625 496 1796 570 dimicare
1818 501 1985 590 mellent,
2009 517 2062 576 et.

24 589 159 662 concilio
181 580 489 681 Amphictyonum
515 599 661 658 vocatus
686 595 745 659 est'
761 599 886 661 contra
904 583 1001 658 The·
1052 586 1184 658 iustum
1199 590 1386 662 consilium
1403 617 1481 664 ctam
1502 596 1660 687 periculo
1677 602 1935 692 praetulerunt.

22 695 139 776 banos,
171 684 239 760 hac
261 690 467 774 occasione,
501 713 612 784 quam
634 689 806 762 recitabo.
862 686 905 760 ln
927 714 1003 786 qua.
1151 688 1256 762 Nunc
1272 696 1380 765 redeo
1399 699 1442 764 ad
1460 693 1648 773 Aeschinis
1673 707 1939 793 narrationem,
1967 712 2051 809 qul„

23 793 322 867 commemoranda
354 805 506 888 uterquc
538 806 663 864 orator
685 794 828 886 culpam
852 817 872 862 a
894 799 934 864 'se
959 792 1003 862 iu.
1049 803 1090 869 ut
1120 791 1197 886 ipse
1231 796 1432 883 distribuit,
1465 798 1503 869 in
1531 807 1691 876 secundo
1713 818 1877 901 tempore
1898 821 2047 886 tautum

20 898 117 970 utun
134 895 324 980 namne,
347 909 504 968 etnemo
520 899 599 968 vult
613 896 728 967 videri
741 895 918 989 pernicies
933 919 997 988 pa-
1048 895 1176 966 recitat
1202 902 1381 992 quaedam
1403 902 1447 970 de
1467 900 1627 979 Euboea.
1678 907 1963 1005 AitPhilippum
1989 918 2043 987 oi·
2073 989 2076 992 ,

20 1000 109 1072 triae.
158 997 293 1072 Verum
313 1013 366 1072 esc
385 1011 527 1084 auum,
554 998 592 1070 in
615 996 684 1071 hoc
703 1013 887 1092 postremo
910 999 997 1069 arti·
1047 998 1186 1068 sensum
1210 1024 1305 1084 esse,
1336 1004 1435 1097 quod
1455 1001 1690 1082 Athenienses
1717 1038 1796 1084 cum
1813 1012 1945 1102 Callia,
1976 1019 2047 1114 qui

19 1105 87 1176 culo
101 1097 313 1175 Aeschinem
326 1101 521 1196 praecipue
541 1103 767 1174 occasionem
790 1103 996 1196 praebuisse
1048 1113 1152 1171 antea
1173 1097 1343 1197 Philippo
1375 1106 1563 1180 familiaris
1591 1115 1725 1200 lacerat,
1761 1117 1966 1192 societatem
1990 1124 2041 1192 se·

17 1205 152 1278 consilio
174 1201 483 1300 Amphictynmm
506 1206 662 1277 vocandi
681 1200 857 1298 Philippi.
911 1204 997 1277 Fuit
1047 1202 1190 1276 cissent.
1245 1215 1248 1224 ⁴

17 1310 100 1380 enirn
115 1304 282 1380 hortator
307 1321 344 1380 rt
364 1321 489 1392 auter,
515 1323 556 1380 ut
581 1305 995 1402 miserisAmphisseusi·
1147 1308 1318 1402 Sequitur
1334 1311 1478 1381 tertium
1495 1326 1655 1408 tempus,
1682 1318 1810 1413 inquo
1832 1324 1958 1395 recisse
1984 1323 2039 1397 ht.

14 1411 319 1484 businlerrelnr'a
344 1412 492 1508 reliquii
505 1413 652 1484 Graecis
672 1411 826 1496 bellum,
860 1412 899 1481 in
921 1436 994 1506 quo
1045 1408 1193 1480 storiam
1208 1409 1520 1505 Amphissenscm,
1547 1430 1582 1487 et
1598 1423 1761 1512 proxima
1779 1424 1880 1494 initia
1900 1441 2039 1520 postre-

16 1541 84 1586 com
113 1515 186 1586 dur
218 1516 502 1600 desideraretur,
545 1515 666 1587 statim
691 1511 993 1609 Amphictyonico
1045 1511 1097 1580 mi
1119 1513 1215 1585 belli.
1274 1515 1369 1587 Nam
1392 1513 1541 1589 historia
1568 1519 1834 1614 Amphisseusis
1859 1552 1934 1600 non
1956 1555 2038 1624 per.

14 1621 143 1688 decrcto
157 1614 350 1712 Philippus
364 1619 556 1692 accersitus
570 1631 634 1692 est.
683 1615 724 1688 Id
739 1619 921 1690 decretum
938 1642 994 1689 re·
1045 1615 1195 1686 tinetad
1216 1641 1272 1688 res
1295 1620 1472 1710 gestario
1494 1621 1867 1716 primaPhocensium
1891 1657 2039 1726 oppres·

14 1721 87 1792 citat
108 1733 237 1813 postea
256 1717 531 1794 Demosthenes.
588 1721 826 1792 Haerentem
856 1720 994 1792 semina
1045 1717 1162 1802 sione,
1185 1745 1279 1814 quae
1294 1722 1423 1794 accidit
1436 1747 1533 1796 anno
1541 1721 1702 1822 Philippi
1718 1731 1797 1816 15„
1823 1736 1891 1806 sed·
1899 1750 2038 1826 postre-

12 1819 129 1894 horum
146 1824 377 1916 negotiorum
391 1826 550 1899 suerum.
603 1824 695 1896 Cum
710 1820 918 1912 Phocenses.
932 1825 994 1894 ab·
1044 1819 1102 1892 mi'
1121 1821 1229 1906 belli,
1270 1827 1370 1919 quod
1403 1839 1542 1899 motum
1571 1843 1624 1902 est
1652 1856 1750 1910 anno
1779 1832 1946 1931 Philipps
1960 1842 2037 1928 ἢ,

12 1922 282 2021 sentePhilippo
298 1927 471 2022 paulatim
492 1925 733 2020 respirarent,
757 1940 794 1997 et
809 1923 1001 2000 Thebanis.
1044 1923 1149 2018 quasi
1161 1923 1306 1998 initium
1319 1953 1386 2000 reu
1402 1929 1541 2002 semeio
1557 1931 1636 2006 fuit.
1683 1933 1767 2010 ideo
1785 1954 1904 2012 autem
1919 1941 2040 2040 inquit

12 2043 42 2099 et
65 2025 346 2104 Atheniensibus
372 2027 542 2102 nonnihil
571 2031 826 2102 adiuvantibus
859 2031 993 2124 oppida
1043 2023 1293 2104 Aeschinem
1315 2025 1620 2108 vehementiorem
1641 2039 1750 2114 sitisse
1769 2033 2040 2118 adremusAru·

12 2131 262 2218 instaurarent,
287 2135 474 2206 adversari
487 2129 790 2228 Amphictyones,
822 2157 885 2205 seu
906 2133 992 2228 quia
1044 2125 1264 2223 pbissensee,
1296 2136 1384 2231 quia
1405 2150 1440 2208 et
1462 2135 1502 2206 iu
1523 2155 1729 2216 consecrato
1752 2144 1833 2217 loco
1856 2147 2039 2222 aedificas·

12 2231 167 2329 Philippo
177 2237 366 2324 favebant,
378 2262 441 2308 seu
452 2236 537 2332 quia
547 2261 663 2310 novos
674 2236 993 2321 motustimebaut,
1045 2247 1146 2319 sent,
1181 2248 1217 2306 et
1244 2236 1352 2309 sciret
1373 2235 1584 2334 Philippum
1615 2245 1712 2322 nolle
1739 2249 1880 2322 restitui
1902 2252 2038 2346 oppida

12 2352 205 2432 coeperunt.
238 2336 550 2433 Amphisreusiu'm
566 2339 677 2432 ipitnr
692 2339 893 2410 aedificatio
908 2365 994 2433 pro-
1043 2331 1308 2425 Phocensium,
1340 2353 1375 2411 et
1396 2357 1589 2435 propterea
1614 2347 1652 2418 iu
1677 2350 1872 2423 Graeciam
1902 2355 2037 2430 reditu-

12 2437 109 2512 hibita
132 2455 199 2516 est.
252 2441 416 2538 Cumque
438 2439 700 2516 Demosthenes
723 2465 803 2512 eam
829 2443 994 2514 aedifica·
1043 2463 1125 2512 rum
1142 2463 1229 2514 esse.
1279 2444 1402 2538 Quare
1415 2445 1695 2521 Demosthenem
1711 2453 1764 2524 ait
1786 2456 1881 2528 male
1901 2456 2037 2548 ieciise,

12 2543 133 2617 tionem
155 2544 379 2618 dissimulari
398 2559 435 2616 et
453 2546 607 2619 'tolerari
628 2545 770 2630 mallet,
793 2541 993 2617 acAescbi-
1045 2545 1143 2638 quod
1158 2555 1276 2636 tegere
1291 2560 1327 2616 et
1341 2572 1509 2622 aremare
1523 2548 1794 2644 Amphiareases
1811 2569 1960 2631 conatus
1978 2560 2037 2632 rit.

12 2669 80 2718 aem
108 2649 322 2740 obiurgaret
349 2645 598 2722 vehementius
634 2652 906 2733 adversantem,
951 2673 993 2720 ac
1044 2645 1142 2718 llaec
1155 2646 1359 2722 miminatie
1375 2652 1466 2726 tais
1479 2666 1542 2727 ert.
1593 2651 1661 2726 llla
1680 2661 1794 2752 magis
1817 2664 1863 2733 ad
1886 2685 1964 2732 rem
1984 2664 2038 2733 sa-

11 2764 119 2841 tpcrte
141 2751 281 2845 diceret
306 2748 488 2824 anahem
510 2767 594 2824 euin
613 2739 823 2846 Philippum
846 2752 886 2824 in
900 2749 994 2822 Atti-
1044 2748 1111 2834 cit,
1138 2752 1236 2846 quod
1251 2767 1375 2844 postea
1391 2755 1460 2840 ait,
1486 2755 1767 2833 Demosthenem
1782 2764 1889 2838 fuisse
1913 2787 2037 2838 suase-

11 2877 93 2939 ·am,
127 2868 258 2928 tamen
283 2878 387 2926 anna
414 2869 557 2948 sumpta
580 2868 664 2928 sunt
684 2880 705 2926 a
729 2855 879 2927 consilio
904 2856 994 2928 Am-
1044 2876 1120 2923 rem
1136 2865 1172 2922 et
1184 2848 1411 2931 hortatorem
1426 2861 1471 2928 ad
1490 2856 1779 2937 Chaeronensem
1794 2872 1976 2962 pugnam,
1994 2881 2042 2941 ut
2083 2863 2089 2872 ’

11 2951 247 3053 thictyonum.
280 2957 444 3054 Cumque
458 2955 627 3030 Thebani
640 2959 893 3030 nollentarma
909 2983 993 3028 con-
1045 2955 1156 3027 armis
1185 2957 1445 3049 reprimeretur
1466 2959 1674 3063 Philippus,
1707 2993 1773 3041 nec
1801 2966 1845 3041 de
1867 2995 1954 3063 pace
1974 2996 2037 3065 pe·

11 3071 51 3130 ia
68 3057 347 3156 Amphissenses
373 3085 520 3155 capere,
551 3074 703 3155 etopus
723 3074 815 3136 essct
833 3060 993 3133 firmiore
1044 3060 1151 3134 tenda
1166 3060 1437 3136 deliberaretur.
1475 3063 1517 3136 ln
1533 3063 1601 3139 hae
1615 3083 1719 3162 parte
1730 3074 1924 3167 praecipue
1939 3099 2037 3146 com.

11 3165 168 3252 uercitu,
221 3161 505 3260 Amphictyones
543 3161 754 3258 Philippum
794 3177 991 3237 accersuru.
1043 3169 1208 3234 moratur
1225 3161 1481 3250 Demosthenis
1491 3170 1662 3260 defensio,
1678 3201 1771 3270 quae
1786 3179 1934 3272 exponit
1952 3202 2037 3251 cou-

11 3265 194 3355 leversur,
229 3293 312 3342 cum
335 3269 413 3340 sine
438 3269 514 3342 ullo
537 3268 732 3340 certamine
754 3269 993 3362 compescuis·
1043 3264 1163 3336 silium
1179 3289 1308 3352 mum,
1334 3293 1376 3343 ac
1391 3275 1565 3362 ostendit,
1590 3301 1671 3349 cum
1695 3278 1768 3352 iata
1791 3277 1963 3357 estractus
1984 3307 2038 3356 es-

11 3383 46 3441 et
58 3367 286 3457 Phocenses,
318 3372 440 3445 statim
464 3371 812 3465 occupatElateam,
848 3371 904 3442 cui
925 3371 992 3441 im·
1041 3377 1117 3453 set,
1142 3381 1179 3440 et
1198 3369 1315 3447 socios
1336 3373 1542 3464 invasisset,
1574 3393 1610 3451 et
1630 3375 1909 3458 Atheniensibus
1932 3387 2053 3480 mini-⁶

11 3477 172 3548 terebant
184 3471 385 3548 Thebani.
418 3475 513 3546 ilinc
527 3487 677 3568 apparet
698 3486 891 3547 rttranum
916 3497 991 3546 esse
1043 3483 1181 3544 teretur
1192 3474 1349 3562 bellum,
1374 3489 1410 3550 et
1423 3482 1627 3571 petentibus
1639 3490 1777 3558 servari
1793 3489 1935 3573 foedus,
1959 3503 2040 3560 tan·

11 3574 180 3652 lmcltinis
205 3571 563 3677 πολυπραγμοσύνῃ.
613 3579 743 3650 Postea
766 3579 887 3649 nullae
908 3590 993 3648 suut
1043 3587 1119 3645 tum
1136 3577 1303 3668 ambigue
1325 3583 1572 3673 responderit,
1604 3611 1680 3656 nou
1703 3589 1823 3661 seham
1846 3592 1980 3662 iustum
2003 3603 2042 3663 et

11 3693 111 3754 tanes
128 3676 323 3756 Aeschinis
338 3680 377 3751 in
399 3676 468 3752 hoc
489 3691 673 3773 postremo
692 3681 801 3752 bello.
859 3679 929 3750 Sed
952 3679 991 3749 in
1041 3671 1254 3762 honestum,
1292 3681 1354 3750 sed
1388 3683 1496 3754 etiam
1528 3688 1769 3762 necessarium
1795 3693 1906 3767 baisse
1926 3695 2040 3768 armis

11 3808 56 3854 toc
72 3785 215 3858 iudicio
230 3785 390 3877 disputat
402 3779 608 3868 Aeschines,
632 3781 727 3853 flecti
738 3777 991 3874 potuissePhi-
1043 3802 1125 3850 curn
1152 3779 1368 3872 opprimere.
1425 3782 1476 3856 Et
1494 3789 1601 3862 fuisse
1630 3791 1760 3864 iustam
1791 3796 2037 3870 defensionem

11 3885 131 3981 ippum
152 3889 202 3958 ad
217 3909 361 3980 pacem,
388 3899 470 3980 post
493 3897 704 3976 occupatam
719 3885 904 3970 Elatcam,
921 3886 992 3955 red
1042 3880 1236 3952 verisimile
1252 3896 1322 3965 ests
1348 3887 1415 3958 sed·
1425 3887 1514 3962 illud
1528 3893 1705 3987 disputari
1720 3896 1819 3970 iuter
1835 3900 2037 3975 timidiores

11 3987 278 4065 lemosthenem
294 3990 402 4062 fuisse
413 3984 659 4074 hortatorem,
684 3999 726 4059 ut
738 3987 858 4080 potius
881 3985 991 4060 armis
1042 3983 1178 4076 potuit,
1205 4009 1288 4058 cunr
1301 3988 1407 4080 phua
1422 3994 1612 4071 suntinsta
1629 4023 1692 4071 sen
1707 3995 1877 4089 honesta,
1906 4004 2037 4096 eligas.

11 4094 272 4186 eprimereturs
310 4118 353 4163 ec
379 4105 505 4163 narrat
528 4087 754 4184 prohibuisse
777 4085 990 4162 Demosthe·
1041 4088 1128 4160 dum
1143 4113 1217 4162 esse
1233 4090 1272 4160 id
1286 4095 1384 4186 quod
1404 4097 1574 4186 possibile
1598 4113 1669 4185 est,
1704 4104 1788 4200 qnia
1810 4105 1952 4178 flectere
1971 4103 2038 4178 ho.

11 4221 91 4284 em,
116 4200 169 4270 ad
184 4196 362 4290 populum
379 4195 466 4266 ferri
483 4198 528 4266 de
542 4219 630 4288 pace
644 4194 820 4266 iacienda.
871 4191 926 4262 De
944 4216 989 4264 eo
1040 4201 1132 4262 stem
1146 4192 1308 4264 validum
1330 4198 1378 4268 ad
1397 4219 1523 4288 pacem
1548 4205 1801 4296 deprecatione
1823 4221 1887 4281 aut
1905 4210 2038 4281 tolere-

11 4302 145 4374 rticulo
161 4298 357 4393 praecipua
374 4297 535 4394 quaestio
554 4311 607 4370 est
630 4297 669 4367 in
689 4293 758 4368 hac
781 4308 990 4367 controver·
1040 4293 1174 4367 bilibus
1188 4297 1475 4386 conditionibus,
1495 4301 1527 4374 si
1539 4305 1689 4398 reprimi
1700 4309 1778 4380 sine
1792 4312 1923 4384 maiori
1937 4311 2036 4384 malo

11 4402 51 4476 ia.
110 4403 257 4474 Verum
276 4415 330 4474 est
352 4398 561 4493 Philippum
584 4425 776 4493 occupasse
795 4393 990 4472 Thebano·
1040 4421 1117 4468 non
1132 4398 1266 4491 possit,
1280 4425 1347 4471 nec
1363 4415 1469 4496 turpe
1483 4419 1537 4478 est
1553 4407 1879 4512 necinusitatum')
1895 4415 2036 4509 magnis

11 4529 67 4580 um
100 4505 284 4600 oppidum
308 4503 472 4576 Elateam
492 4513 619 4574 contra
637 4505 765 4576 foedus
788 4514 824 4573 et
844 4502 991 4572 minita-
1041 4499 1259 4574 civitatibus,
1315 4502 1450 4601 Estque
1482 4511 1580 4580 tertii
1618 4516 1792 4610 temporis
1829 4517 2035 4590 criminatio

11 4633 62 4680 rm
87 4634 170 4684 esse
189 4604 480 4680 Atheniensibus.
531 4605 654 4700 Quare
675 4606 768 4680 iusta
793 4629 897 4678 musa
922 4604 991 4676 init
1041 4605 1207 4674 acerbior
1222 4607 1391 4693 canoris,
1415 4610 1473 4681 cui
1488 4610 1660 4686 inseritur
1672 4617 1780 4688 etiam
1804 4623 2034 4714 exprobratio

11 4713 70 4786 elli
84 4710 244 4806 gerendi
259 4711 425 4795 Graecis,
457 4722 499 4782 ut
525 4723 600 4780 tota
622 4710 747 4782 civitas
767 4707 885 4780 Attica
909 4732 991 4778 cen-
1039 4707 1226 4792 iortunae,
1260 4711 1378 4803 quod,
1412 4736 1493 4784 cum
1517 4713 1644 4788 inlelir
1662 4719 1727 4805 sit,
1759 4743 1835 4793 non
1858 4749 2035 4819 coronan-

11 4817 78 4902 uit,
105 4827 254 4888 tacente
271 4827 356 4886 tunc
370 4808 559 4886 Aeschine.
612 4811 685 4884 Sed
701 4813 770 4882 alia
794 4810 990 4904 disputatio
1041 4810 1131 4892 dus,
1152 4811 1215 4880 sed
1229 4811 1352 4900 potius
1365 4820 1583 4891 execrandus
1597 4820 1644 4892 sit
1658 4835 1831 4918 tanquam
1847 4827 1956 4921 pestis
1970 4853 2034 4922 pa.

11 4922 112 4992 atde
147 4917 329 5002 utilitate,
363 4941 431 5002 an,
462 4941 543 4990 cum
566 4913 697 4986 Graeci
718 4915 893 4987 exercitus
913 4937 991 4984 nou
1042 4910 1154 4994 triae,
1181 4912 1239 4998 cni
1259 4913 1340 4986 loco
1363 4919 1408 4985 de
1429 4920 1574 4992 fortuna
1596 4921 1857 5003 Demosthenes
1878 4929 2033 5026 splendi.

11 5022 208 5095 iderentur
237 5043 342 5115 pares
368 5018 628 5105 Macedonicis,
667 5017 760 5089 aliae
787 5017 871 5087 viae
893 5016 991 5110 pacis
1041 5014 1127 5084 dam
1141 5016 1413 5107 responsionem
1428 5025 1593 5115 opponit.

11 5127 183 5198 tcimtdre
199 5125 424 5220 qcraerendae
438 5122 590 5206 luerint,
617 5133 657 5192 ut
679 5123 806 5192 lierent
827 5118 991 5213 pacifica·
1114 5114 1185 5200 ,l'n
1201 5132 1332 5212 quarto
1353 5132 1518 5216 tempore
1538 5123 1686 5200 inchoat
1706 5125 1914 5218 historiam,
1941 5156 2034 5229 qtrae

11 5252 126 5309 aneas
154 5226 319 5300 munis
333 5225 488 5298 Demadi
502 5219 713 5298 etAeschiui
726 5223 776 5293 ita
792 5222 990 5306 visumst,
1039 5217 1584 5318 sequiturPhilippimortem,
1608 5245 1734 5302 namet
1756 5233 1938 5322 irritatum
1959 5261 2036 5311 esse

11 5335 47 5400 ed
71 5325 345 5404 Demosthenes
368 5329 487 5401 etalii
509 5353 588 5399 eum
611 5325 875 5409 existimarent,
910 5326 990 5396 inli-
1045 5347 1248 5360 ··--·
1755 5329 1760 5338 ’

11 5458 72 5506 am
92 5447 133 5506 et
151 5429 328 5506 incertam
344 5435 422 5504 iore
440 5456 585 5528 pacem,
610 5440 647 5499 et
661 5453 745 5501 non
759 5439 990 5503 conumucn·
1074 5389 1551 5525 ”fflifffflffwf
1569 5412 1633 5452 ‘⁸¹⁰
1650 5411 1751 5457 Μ
1768 5415 1834 5468 ²¹⁹²
1851 5403 2034 5479 mim·

1332 5527 1419 5604 „.
