4548 5788
234 147 326 230 ιιι·
433 170 454 224 .-
746 77 1710 226 »rrrnamnmnrarnocoemn
2172 147 2254 231 o:

232 307 1246 414 ¹dhrtlelierrotthenerirrupti'nacerretmomecmn-
1296 315 1479 412 tipitrrit,
1518 341 1566 390 ne
1589 316 1682 390 alios
1704 315 1863 407 mor
1891 317 1939 390 ed
1963 315 2224 414 merope

238 424 984 510 wmmuommsrtmorteuuem,
999 425 1245 500 montom
1266 391 1548 514 iadimgeretis.
1610 420 1741 495 Postea
1772 433 1952 496 venerunt
1974 417 2124 514 Pbdippi
2144 425 2225 516 legati,
2253 433 2254 488 3

238 544 303 605 tor
315 555 357 602 ec
373 531 583 614 conductus,
598 541 639 600 ut
656 552 722 621 per
738 527 860 600 omnir
869 522 1070 600 Philocrati
1084 529 1245 622 adrtipn·
1293 524 1405 598 mni
1417 537 1540 596 autem
1556 519 1862 609 amorrheum,
1892 525 2167 620 mecitabartque
2178 529 2227 598 reb

240 633 401 720 larum,
423 633 731 728 quemadmodum
750 655 808 702 rer
824 631 983 702 ostendit
1005 631 1107 726 ipsa..
1148 631 1244 703 Vicit
1291 651 1406 723 qnam
1425 627 1618 700 &aeciam
1643 629 1814 700 adversm
1829 623 2050 721 Philippum.
2094 627 2152 700 Hic
2167 631 2228 700 aliti

162 791 168 812 ι
240 737 341 810 enim
364 731 588 807 Philocrates
608 754 735 806 uncus
752 733 827 804 alio
853 736 998 805 decreto
1022 735 1178 827 scriptu,
1202 733 1243 804 ir
1292 734 1483 804 decretum
1502 728 1627 802 scribit
1647 726 1935 816 Demosthenes,
1974 733 2099 802 debme
2119 757 2170 802 vor
2183 759 2228 804 ror

241 863 328 936 φα
343 838 456 912 uerit
470 837 554 929 eligi
570 836 865 928 decemlepatos,
890 836 955 931 qui
970 836 1018 906 ad
1031 834 1241 930 Philippum
1291 833 1410 906 solun
1423 856 1571 926 pacem,
1597 835 1660 906 sed
1674 834 1785 906 etiem
1797 833 2006 908 societatem
2019 859 2097 906 coro
2111 831 2226 928 rbuppo
2253 909 2254 936 ,

237 940 573 1036 p'mbdrcerentu‘r,
599 939 915 1034 portularentque,
941 934 1012 1010 hnc
1033 941 1125 1012 duos
1145 941 1242 1032 lega-
1290 937 1499 1021 dammare,
1515 959 1591 1006 non
1609 948 1797 1030 expectato
1805 937 1925 1008 reditu
1937 950 2133 1010 vestrorum
2141 938 2228 1029 legato
2253 947 2254 1020 t

108 1075 114 1082 -
151 1057 162 1074 ³
243 1055 306 1116 ιω
322 1043 441 1128 meur,
475 1043 539 1138 qut
566 1043 718 1114 liberam
741 1053 957 1134 potestatem
987 1039 1166 1114 hamana
1189 1044 1242 1113 a.
1292 1061 1395 1120 mm
1434 1040 1498 1110 sed
1529 1039 1651 1110 suum
1679 1052 1763 1133 post
1790 1035 2032 1112 nausson
2060 1040 2115 1110 aa
2138 1041 2254 1118 deul

139 1219 145 1234 ,
243 1146 392 1218 dentiae
417 1145 610 1218 societatis.
668 1144 835 1238 Quorum
865 1168 959 1216 unus
980 1141 1242 1220 Demosthenes
1293 1153 1422 1215 octavo
1438 1165 1480 1212 ac
1504 1140 1645 1212 decimo
1669 1166 1783 1216 nono.
1848 1143 1959 1238 Quod
1983 1155 2101 1215 antem
2120 1145 2229 1214 veredi

238 1261 342 1334 erat,
368 1247 432 1344 qui
455 1248 539 1318 ’mde
561 1246 705 1319 rediens
727 1270 852 1340 pacem
875 1248 1065 1334 laudabat,
1099 1250 1242 1321 eadem-
1293 1267 1398 1327 cam,
1424 1244 1546 1318 audite
1565 1247 1720 1320 decreta.
2253 1245 2254 1280 ¹

243 1375 319 1448 qno
336 1349 578 1433 rentmtiavit,
616 1373 708 1444 qnae
735 1361 772 1419 et
796 1349 927 1445 reliqui
955 1352 1172 1433 attulerunt;
1206 1365 1242 1423 et
1396 1345 1490 1418 Cum
1511 1347 1621 1439 igitur
1643 1359 1727 1441 port
1750 1343 1992 1420 Bacchanalia
2014 1344 2230 1420 concionesha

243 1455 343 1528 eolus
358 1477 402 1524 ex
415 1452 641 1526 senatoribus
655 1455 838 1524 decretum
852 1451 955 1536 iecit,
981 1465 1022 1524 ut
1038 1479 1119 1526 cum
1138 1477 1242 1546 prae-
1292 1448 1486 1534 beentur,
1512 1450 1551 1520 in
1568 1450 1692 1544 priore
1705 1451 1878 1522 concione
1891 1452 2025 1524 lectum
2041 1465 2093 1524 est
2103 1453 2229 1520 decretur

240 1566 395 1626 eoneet
417 1555 563 1648 legatis,
588 1579 680 1650 qnos
702 1550 893 1648 Philippus
915 1555 1081 1640 miserat,
1114 1558 1242 1630 foedus
1294 1551 1353 1622 die
1378 1552 1517 1624 decima
1534 1565 1682 1638 octava,
1707 1556 1807 1650 quod
1821 1554 1939 1628 socios
1953 1555 2064 1626 etiam
2079 1554 2231 1644 complete

125 1675 126 1682 ’
243 1659 358 1730 fieret.
409 1657 510 1730 llaec
523 1658 641 1728 oratio
658 1658 766 1752 plane
790 1682 872 1728 cnm
886 1653 1104 1732 Philocratis
1131 1660 1242 1732 aetio-
1291 1653 1422 1738 batur,
1464 1657 1565 1728 cuins
1594 1657 1714 1749 capita
1744 1657 1903 1728 breviter
1931 1657 2132 1730 recensebo.
2188 1654 2231 1724 Pri

239 1757 639 1845 miirm‘consentiebat;
664 1783 752 1832 nam
778 1761 870 1831 alter
896 1773 1112 1854 potestatem
1135 1764 1242 1835 dede·
1292 1781 1394 1828 nrum
1410 1757 1506 1830 enim
1523 1759 1746 1844 renuimus,
1771 1772 1814 1832 ut
1831 1760 1877 1830 de
1893 1785 1981 1854 pace
2005 1773 2141 1831 tantum
2159 1781 2231 1850 agur

238 1877 306 1938 tat
320 1859 492 1957 Philippo
514 1864 651 1956 legatos
676 1875 712 1934 et
734 1883 951 1954 praeconem
975 1860 1046 1936 huc
1061 1865 1242 1952 mittendi,
1290 1871 1375 1948 tur,
1399 1861 1579 1934 societatis
1595 1863 1797 1936 veronulla
1814 1865 1950 1936 mentio
1968 1866 2090 1948 fieret,
2113 1861 2231 1955 nonqui

189 1969 192 1976 ’
245 1967 340 2058 alter
353 1991 435 2047 cum
449 1965 578 2059 legatis
591 1963 827 2037 lecitsoedus.
878 1965 947 2038 llic
961 1989 1049 2037 vero
1067 1969 1241 2042 advertite
1291 1963 1376 2046 dem
1403 1962 1603 2048 oblivione,
1645 1967 1707 2037 sed
1735 1964 1820 2060 qnia
1847 1989 1919 2059 par
1945 1967 2062 2041 etiam
2090 1964 2231 2036 necesaria

245 2068 411 2142 abimum
429 2071 478 2139 su
493 2093 555 2154 ea,
580 2091 674 2162 quae
697 2078 909 2162 sequuntur.
961 2071 1146 2162 Ageb'ctur
1163 2095 1241 2144 ιιι
1290 2063 1427 2157 retegis,
1445 2091 1558 2162 quam
1573 2063 1726 2140 honesta
1740 2068 1944 2142 videbatur.
1995 2069 2133 2142 Deinde
2149 2079 2232 2144 utne

241 2177 331 2242 thr
353 2171 434 2244 aliie
454 2170 600 2263 legatis,
622 2170 699 2264 .qui
720 2193 786 2262 per
810 2171 1029 2244 &mnium
1054 2174 1241 2270 aliquanto
1293 2169 1463 2241 (beamur
1505 2171 1717 2264 corruptelis
1757 2168 2040 2257 Demosthenis,
2086 2171 2234 2242 addidimus

243 2286 336 2368 pati
351 2298 374 2344 a
396 2271 641 2346 Demosthene
664 2273 784 2344 vexati
803 2287 910 2360 sunt,
935 2278 1006 2348 red
1020 2299 1101 2348 cum
1118 2273 1263 2350 Philo-¹
1292 2271 1458 2356 decreto,
1473 2284 1526 2357 ut,
1544 2273 1706 2369 quisquis
1719 2273 1942 2348 Graecorum
1958 2277 2069 2348 vellet
2082 2273 2233 2345 adsocies

238 2389 346 2453 ,mate
370 2399 413 2447 ac
429 2373 693 2457 Demosthene;
716 2400 783 2446 nec
805 2375 1010 2462 immerito,
1036 2379 1121 2474 qnia
1146 2382 1242 2472 lepa-
1294 2387 1366 2461 tem
1391 2374 1467 2447 eius
1489 2376 1645 2450 foederis
1669 2376 1838 2470 adiungi,
1865 2379 1961 2450 intra
1985 2393 2063 2452 tres
2080 2373 2235 2450 mensuri·

211 2479 387 2552 itionem
400 2503 475 2550 una
491 2480 657 2551 obierant
673 2491 711 2550 et
724 2481 867 2550 decreta
883 2481 1114 2573 scripserant
1164 2482 1262 2556 iloc'
1293 2479 1377 2550 dem
1393 2478 1582 2554 columnae
1605 2479 1872 2554 inscriberetur.
1921 2480 1976 2552 lta
2005 2485 2094 2554 dnas
2114 2481 2233 2550 marino

245 2591 369 2654 autem
389 2583 594 2674 agebatur,
634 2605 680 2652 ne
707 2583 940 2675 expectaretis
957 2585 1159 2675 legatorum
1182 2611 1242 2658 ve»
1290 2600 1351 2654 res
1383 2581 1628 2671 providimus,
1668 2583 1842 2670 alteram,
1882 2597 1926 2656 ut
1945 2583 2142 2667 ,trimestri
2177 2579 2235 2677 qud

241 2693 407 2756 suorum
422 2684 599 2768 reditum,
625 2683 689 2778 qui
706 2684 806 2756 misai
823 2698 928 2757 erant
939 2688 987 2756 ad
1012 2683 1242 2762 concitandas
1294 2695 1436 2774 ternpus
1457 2685 1618 2759 sufficere
1645 2685 1854 2770 videbatur,
1887 2687 2015 2760 liceret
2038 2688 2116 2760 aliis
2139 2683 2235 2757 Grato

242 2785 522 2861 alias-civitates
549 2789 720 2858 adversus
743 2783 974 2880 Philippum,
1006 2814 1053 2862 ne
1077 2793 1124 2862 ad
1142 2793 1262 2883 pecie,
1291 2809 1331 2860 ee
1352 2785 1540 2863 nobiseum
1563 2788 1801 2882 coniungere,
1826 2790 2002 2876 alteram,
2028 2817 2076 2862 ne
2091 2786 2237 2860 civiusde

244 2889 433 2962 faciendae
452 2886 720 2982 meanbilippo
731 2890 947 2964 societatem
955 2891 1114 2988 reliqum
1129 2895 1242 2966 Grae-
1290 2900 1409 2973 serta,
1437 2915 1479 2964 ac
1491 2891 1569 2964 ¹sine
1582 2893 1745 2978 auxiliis,
1772 2905 1960 2986 cogeretur
1974 2895 2054 2966 sole
2076 2895 2189 2964 bellum
2205 2911 2236 2977 gc

238 2992 594 3086 cos'adiungeretis.
663 2993 850 3078 Secundo,
878 3007 932 3066 *nt
960 3019 1041 3068 cum
1070 2992 1241 3091 Philippo
1294 3015 1394 3076 rore,
1420 2992 1452 3064 si
1474 2995 1602 3066 foedus
1623 3005 1950 3080 conservaretur,
1979 2998 2024 3072 id
2048 2999 2140 3094 qnod
2157 3005 2237 3087 poce

241 3098 608 3189 noumodopaoem,
633 3097 820 3168 sedetiam
844 3096 1052 3170 societatem
1075 3101 1242 3174 decerne-
1293 3093 1445 3180 accidit,
1473 3109 1598 3168 autore
1619 3095 1877 3173 Demosthene.
1928 3099 2041 3193 Quod
2062 3114 2169 3172 antem
2186 3115 2237 3164 ven

246 3197 354 3281 mus,
380 3210 421 3268 ut
434 3200 466 3270 si
483 3198 546 3293 qui
561 3199 624 3268 atii
638 3199 770 3272 Graeci
782 3223 884 3292 spem
899 3196 1122 3288 babuerunt,
1147 3199 1243 3277 hanc
1293 3197 1433 3282 dicam.
1458 3224 1502 3270 ex
1523 3201 1602 3293 ipso
1622 3204 1767 3274 decreto
1792 3203 2029 3295 cognoscetis.
2079 3195 2214 3296 Arqueh

246 3299 374 3372 urbem
391 3300 572 3394 praesidio
587 3301 770 3385 sibifore,
796 3303 1055 3376 adextremam
1075 3307 1242 3397 despera
1295 3300 1477 3376 decretum
1508 3303 1625 3376 lateor
1660 3330 1718 3377 me
1750 3307 1942 3397 probasse,
1979 3320 2019 3378 el
2051 3295 2237 3393 omnemqffl'

247 3401 385 3474 tionem
409 3402 658 3494 adigerentur,
684 3427 766 3474 cmn
789 3403 954 3476 viderent
976 3405 1113 3477 aliona
1138 3408 1242 3482 nobis
1295 3401 1417 3494 priore
1436 3406 1608 3478 concione
1626 3409 1841 3480 sententiam
1857 3409 2029 3483 dirimas.

246 3505 296 3578 ad
311 3505 449 3578 bellum·
463 3504 656 3590 concitari,
682 3529 751 3578 nos
772 3518 893 3578 autern
916 3507 1018 3578 domi
1037 3533 1113 3580 non
1130 3513 1240 3583 modo
1395 3504 1496 3578 Abiit
1514 3508 1637 3604 itaque
1657 3511 1813 3603 populus
1836 3535 1918 3584 mam
1934 3507 2007 3584 hee
2022 3510 2193 3605 opinione,
2208 3504 2239 3572 lu

237 3621 386 3701 pacem,
408 3611 471 3680 sed
486 3610 596 3680 etiam
611 3609 818 3682 societatem
831 3635 912 3682 cum
928 3607 1098 3705 Philippo
1113 3613 1241 3688 facere.
1289 3616 1415 3684 ,turam
1432 3633 1507 3684 esse
1522 3637 1659 3704 pacem.
1712 3614 1767 3685 lle
1781 3614 1970 3700 societate,
1996 3611 2240 3688 ercumbam

245 3709 394 3797 Ter-tio,
419 3723 462 3786 ut
473 3736 540 3784 rex
553 3709 736 3786 Thraciae
747 3714 793 3784 ab
807 3709 876 3784 hae
889 3715 1058 3787 societate
1080 3717 1243 3790 exclude-
1295 3708 1367 3780 tius
1397 3735 1492 3800 esse,
1524 3717 1663 3788 unllam
1695 3717 1774 3790 fieri
1801 3718 2048 3803 mentionem,
2088 3726 2239 3810 propterea

162 3843 163 3846 ¹
242 3827 365 3900 retur,
386 3827 423 3886 et
437 3815 511 3886 iarn
528 3829 607 3888 erat
623 3819 793 3888 adversus
806 3841 889 3890 eum
906 3818 1128 3911 conscriptus
1142 3845 1242 3892 erer-
1294 3814 1395 3905 quod
1408 3831 1512 3890 erent
1526 3818 1635 3912 legati
1649 3819 1771 3904 misci,
1797 3821 2035 3915 quireliqnos
2052 3809 2239 3892 Graecossot

237 3915 349 3995 ,eitusz
400 3917 527 4012 Neque
548 3943 636 3990 vero
659 3916 787 3990 bacin
811 3943 851 3992 re
865 3922 1036 4016 peccabat
1052 3919 1241 4018 Philippus
1293 3915 1474 3992 licitarent
1489 3923 1536 3991 ad
1552 3923 1687 3994 bellurn
1708 3924 1935 3997 inserendum
1948 3919 2136 4016 Philippo,
2157 3930 2186 3988 et
2201 3935 2239 4006 pt

244 4040 490 4113 corrumpens·
513 4021 642 4107 istum,
681 4020 766 4118 quia
785 4035 884 4094 ante
915 4024 1166 4098 iusiurandum
1200 4049 1242 4098 ac
1294 4019 1394 4091 tabat
1416 4047 1483 4097 nos
1506 4025 1664 4098 facturos
1692 4051 1768 4098 esse
1794 4026 2002 4098 societatem
2023 4051 2117 4098 cnm
2138 4013 2239 4110 reliqui

236 4123 375 4196 ‚foedus
396 4123 554 4194 licerit-ei
576 4149 701 4218 agere,
728 4149 821 4220 quae
844 4125 887 4196 in
904 4150 981 4196 rem
996 4151 1100 4198 suam
1118 4141 1240 4211 erant;
1294 4120 1451 4198 Graecis.
1490 4126 1572 4200 Nox
1585 4127 1804 4212 intercessit,
1824 4130 2006 4222 postridie.
2016 4126 2254 4203 rurensium*

244 4227 309 4300 sed
324 4225 379 4298 illi
391 4226 493 4319 digni
507 4241 591 4300 runt
606 4229 765 4300 marimo
783 4227 981 4321 supplicio,
1008 4231 1072 4324 qui
1084 4231 1239 4324 patriam
1293 4223 1434 4298 cionem
1455 4231 1637 4312 venimus3
1671 4233 1723 4302 ibi
1737 4229 2001 4306 Demosthenes
2016 4241 2238 4323 occupamur·

245 4329 540 4402 vendiderimtac
555 4333 805 4422 prodiderunt.
855 4332 950 4404 Nam
965 4332 1030 4406 iste
1044 4332 1241 4406 Alexandri
1294 4340 1452 4417 gestum,
1484 4347 1520 4406 et
1548 4335 1640 4406 nulli
1668 4335 1788 4408 lucum
1810 4336 1955 4408 dicendi
1975 4336 2178 4413 concedens,
2206 4322 2237 4390 it

238 4426 359 4507 hostie
381 4447 418 4504 et
439 4446 526 4506 tnnc
547 4430 710 4528 Philippi
731 4432 845 4508 hostis
864 4432 1145 4522 Demosthenes,
1177 4438 1241 4533 qni
1293 4429 1391 4525 quit,
1430 4457 1506 4506 non
1533 4440 1734 4510 conducere
1763 4464 1832 4524 ea,
1874 4463 1968 4534 quae
1997 4434 2078 4510 heri
2107 4435 2185 4504 dicta
2207 4447 2254 4510 tt,

235 4529 340 4624 ,mihi
372 4549 545 4632 tanquam
587 4539 763 4630 prothum
797 4537 997 4610 Alexandri
1033 4541 1240 4612 societatem
1292 4547 1396 4622 sent,
1434 4563 1500 4610 nec
1526 4535 1688 4634 Philippi
1719 4542 1844 4633 legatis
1876 4541 2087 4634 persuaderi
2115 4539 2167 4606 illa
2186 4551 2237 4643 put

236 4634 390 4722 abiicit,
417 4652 458 4712 ut
479 4640 617 4712 civitati
639 4641 869 4734 interciperet
893 4641 1119 4716 occasionem
1143 4657 1239 4716 recte
1293 4661 1350 4722 se,
1390 4665 1437 4713 ne
1472 4668 1510 4714 se
1545 4647 1691 4738 quidem
1723 4645 1879 4740 probare
1906 4669 2033 4737 pacem
2067 4643 2136 4716 siue
2163 4651 2236 4708 ³⁰⁰*

235 4739 478 4826 consulendi,
497 4745 867 4839 ,decretumseripsih¹
886 4757 928 4817 ut
946 4746 1006 4817 die
1030 4757 1158 4821 octavo
1173 4747 1240 4820 Fe.-
1293 4753 1385 4828 lale,
1420 4758 1456 4816 et
1477 4749 1633 4837 *negabat
1659 4749 1852 4820 convenire
1879 4744 2046 4841 (memini
2072 4745 2155 4817 enim
2181 4754 2254 4830 ΡΨ]

237 4840 386 4922 marii
424 4843 464 4920 in
496 4843 702 4941 Aesculapii
733 4848 835 4920 feriis
873 4850 1000 4920 concio
1033 4846 1240 4936 haberetur,
1292 4855 1372 4936 pter
1405 4850 1506 4922 verbi
1538 4851 1732 4948 duritiem)
1776 4851 1945 4946 abrumpi
1970 4875 2092 4944 pacem
2120 4833 2232 4916 asoti*

235 4947 345 5042 =quod
356 4957 466 5035 antee
481 4970 589 5020 nemo
606 4953 742 5026 lactum
758 4951 938 5026 meminit.
986 4954 1037 5024 At
1060 4977 1168 5048 qnam
1189 4956 1239 5026 ob
1293 4960 1386 5034 tate,
1411 4953 1643 5048 dicebatque,
1676 4979 1752 5026 non
1777 4979 1852 5026 esse
1881 4955 2041 5027 Graecos
2061 4952 2254 5023 consudet*

232 5047 414 5134 causatu?
452 5049 525 5136 Ut,
546 5052 579 5124 si
598 5056 763 5128 venirent
783 5052 944 5148 Philippi
969 5057 1097 5148 legati,
1124 5076 1240 5151 popm·
1291 5053 1355 5126 sed
1387 5056 1484 5128 solos
1517 5081 1585 5130 nos
1619 5071 1683 5130 aut
1714 5059 1842 5130 debere
1877 5045 2011 5130 bellum
2043 5073 2167 5149 gerere,
2190 5044 2230 5108 ³¹¹¹

240 5151 301 5224 lus
319 5154 440 5232 statim
465 5155 639 5229 deliberet
657 5160 703 5229 de
725 5159 850 5251 legatis
873 5160 919 5230 ad
932 5153 1144 5252 Philippum
1158 5159 1239 5230 mit·
1291 5180 1423 5248 pacem,
1439 5159 1569 5234 iacere.
1636 5162 1850 5246 Postremo,
1879 5160 2103 5255 Antipatrum
2122 5151 2160 5220 ad
2177 5161 2229 5252 sup

237 5256 386 5341 tendis,
409 5271 491 5330 ante
505 5259 662 5335 reditum
680 5274 889 5332 nostrorum
905 5261 1120 5353 legatorum.
1169 5261 1238 5334 Ita·
1292 5273 1430 5350 putum
1452 5275 1576 5348 vocat,
1606 5264 1882 5356 etinterrogat3
1914 5267 1977 5337 aed
1995 5262 2069 5356 ipre
2093 5241 2228 5328 anitii*

246 5378 318 5450 que
331 5361 543 5437 concionem
556 5361 693 5440 habeus
709 5376 792 5439 ante
808 5375 963 5458 tempus,
974 5389 1053 5438 rem
1068 5365 1119 5438 ita
1135 5388 1239 5459 prae·
1255 5426 1258 5434 ι
1292 5375 1452 5444 devetat
1467 5367 1519 5454 ei,
1544 5366 1632 5463 quid
1653 5369 1871 5462 respondem
1893 5391 1975 5441 eum
1992 5368 2144 5439 ,adeamus
2160 5346 2226 5422 ”sbi
