4696 5802
856 169 981 258 auu.
1015 113 1363 247 anuscanae
1395 161 1767 276 0000000101·
1801 129 1803 134 ’

1134 387 1337 508 11113118
1377 437 1431 504 111.

323 643 651 738 Argumentum
682 647 729 706 et
755 629 936 706 scholia
965 631 1010 702 in
1037 631 1215 726 episto.‘

669 737 758 810 lam
783 734 863 834 l.¹).

370 897 440 971 lsta
459 891 608 988 epistola
624 885 716 960 nihil
740 889 838 959 aliud
860 883 968 957 babet
987 885 1059 959 nisi
1082 887 1264 982 quandam

271 990 959 1077 commemorationembenevolentiae,
990 989 1030 1059 in
1045 1013 1116 1084 qua
1136 989 1265 1059 recitat

268 1107 429 1202 primurn
450 1123 552 1171 suam
575 1119 657 1188 erga
681 1095 783 1166 illum
805 1091 1111 1177 benevolentiam,
1135 1092 1265 1162 deinde

271 1211 378 1282 offert
392 1203 548 1275 officium
565 1197 723 1293 suum2).

375 1306 407 1400 ἓ.
423 1307 457 1378 1.
484 1309 527 1378 Si
550 1307 625 1392 ipso
646 1293 851 1396 respublica]
877 1295 1076 1368 Exordium
1098 1319 1141 1368 ex
1160 1319 1265 1388 prae-

272 1413 452 1484 dicatione
477 1404 560 1477 lidei
583 1401 771 1473 tabellarii.
867 1403 1079 1499 Quapropter
1102 1401 1160 1471 ille
1180 1395 1263 1497 titt]

271 1515 351 1588 lloc
364 1521 441 1584 non
453 1522 529 1580 tam
544 1506 635 1604 est⁸)
652 1504 852 1588 exordium,
872 1527 981 1598 quam
995 1502 1141 1572 reiectio
1157 1525 1267 1596 quae-

273 1621 359 1690 dam
383 1637 528 1698 eorum,
569 1611 611 1680 de
636 1609 765 1703 quibus
784 1605 920 1700 alioqui
943 1605 1073 1675 merito
1099 1603 1265 1700 debeat⁴)

272 1847 343 1920 qua
360 1827 620 1891 commemorat
634 1815 678 1884 de
693 1836 757 1883 suo
773 1835 856 1903 erga
870 1811 973 1881 illurn
986 1810 1121 1882 animo.
1173 1811 1269 1896 Quod

273 1951 375 2023 quum
388 1929 438 1997 ito
453 1915 567 2020 0115)]
592 1917 717 1987 Delert
731 1914 899 1985 officium.

378 2023 410 2119 5.
428 2030 464 2100 2.
491 2023 606 2105 ostia,
632 2011 882 2113 libertatatem]
908 2012 989 2084 Alia
1005 2013 1180 2087 narratio.

499 2188 638 2260 Aliud
669 2181 1047 2280 argumentans‘).

377 2323 540 2420 Epistola
571 2334 625 2392 est
652 2318 791 2412 generis
822 2317 1010 2390 familiaris
1036 2343 1099 2389 seu
1121 2319 1270 2389 demon-

275 2430 438 2514 strativi,
470 2447 562 2522 quae
585 2419 695 2494 habet
716 2420 1097 2493 commemorationem
1115 2423 1269 2492 benevo-

212 2551 216 2560 ⁴
274 2534 427 2616 lentiae,
451 2553 522 2625 qna
541 2526 622 2598 ideo
642 2526 757 2598 utitur
767 2523 956 2620 Cicero⁷),
980 2537 1041 2608 ut,
1061 2548 1144 2595 rum
1162 2535 1267 2593 antea

276 2637 439 2713 simultas
452 2633 546 2702 inter
568 2654 628 2702 eos
649 2628 776 2712 luerit,
808 2625 982 2718 significet
1001 2650 1038 2697 se
1061 2625 1159 2697 aliud
1179 2622 1271 2696 nibil

278 2740 457 2834 cogitare,
495 2755 606 2828 qaam
628 2744 669 2804 ut
692 2730 774 2814 illa,
809 2751 902 2822 quee
932 2739 1016 2799 sunt
1043 2727 1122 2798 veri
1151 2729 1271 2815 amics,

276 2845 467 2936 diligenter
504 2845 617 2908 curet.
692 2831 857 2906 Primum
891 2854 975 2924 ergo
1007 2831 1147 2922 ,recitat
1168 2855 1269 2904 suam

276 2967 362 3040 erga
376 2941 535 3037 Appium
551 2935 802 3032 proconsulem
812 2931 958 3006 Ciliciae
971 2935 1271 3008 benevolentiam.

276 3047 417 3122 Deinde
440 3043 547 3116 offert
562 3040 732 3112 officium.
782 3037 899 3108 Porro
913 3033 1004 3109 haec
1018 3038 1169 3132 epistola
1186 3037 1272 3110 scri-

278 3163 341 3250 pta
367 3161 420 3222 est
435 3146 560 3218 Servio
575 3143 733 3234 Sulpicio
747 3137 844 3212 Rufo
872 3153 908 3210 et
927 3141 979 3212 Μ.
999 3141 1150 3213 Claudio
1172 3141 1271 3212 Mar-

279 3253 369 3326 cello
385 3247 609 3330 consulibus,
631 3246 843 3336 priusquam
860 3242 1027 3314 Ciceroni
1048 3267 1091 3313 ex
1112 3256 1272 3316 senatus-

280 3353 443 3428 consulto
476 3347 690 3420 demandata
720 3344 907 3438 provincia
937 3357 1000 3416 est.
1072 3343 1271 3418 Exordium

280 3457 433 3532 sumitur
458 3477 501 3524 ex
523 3446 789 3543 praedicatione
811 3446 894 3518 lidei
915 3447 1111 3534 tabellarii,
1149 3449 1270 3521 addita

281 3561 437 3658 quadam
454 3552 645 3626 reiectione
662 3573 809 3634 eorum,
832 3550 878 3619 de
892 3549 1021 3644 quibus
1034 3550 1121 3621 alias
1141 3553 1271 3622 merito

280 3665 427 3737 deberet
452 3657 626 3740 scribere,
666 3651 769 3748 quasi
798 3652 948 3722 diceret:
990 3651 1085 3746 Quia
1105 3650 1272 3726 Phannia

280 3764 404 3840 omnia
421 3761 562 3834 abunde
578 3756 643 3828 tibi
656 3768 828 3848 exponet,
853 3754 935 3826 ideo
959 3779 1025 3848 ego
1050 3753 1142 3826 nihil
1165 3781 1205 3830 ea
1228 3760 1272 3829 de

253 3899 257 3905 ⁷
280 3867 508 3947 rescribam,
532 3871 673 3930 tantum
689 3881 806 3926 meam
823 3882 905 3948 erga
928 3860 1272 3932 tabenevolentiam

283 4080 544 4145 commemorat
559 4067 603 4136 de
619 4086 684 4136 suo
700 4085 785 4152 erga
802 4062 903 4130 illum
922 4063 1064 4148 animo,
1091 4065 1199 4158 ,quasi
1221 4067 1273 4136 di.

283 4187 394 4248 reret:
441 4171 501 4242 Tu
523 4193 560 4240 es
582 4161 675 4240 mihi
696 4159 936 4236 charissimus.
1006 4165 1125 4236 Sumit
1152 4179 1273 4239 atatem

279 4273 513 4375 probationes
536 4295 557 4340 a
577 4265 948 4340 commendationibus
964 4265 1085 4361 Appii.
1136 4269 1276 4364 Propo.

282 4449 491 4476 μ

317 4553 348 4611 1)
365 4549 397 4600 10
413 4543 499 4600 neta.
518 4539 610 4606 11111,
629 4536 723 4602 tota,
742 4537 818 4587 1101.
841 4531 949 4586 numeri
966 4533 1081 4586 tuorum
1099 4535 1276 4600 0010000011-

351 4621 463 4670 brorom
485 4609 696 4672 condonantur,
727 4605 791 4656 1010
813 4605 885 4654 enlm
908 4604 1044 4667 epistolas
1066 4619 1197 4658 00010000
1218 4607 1276 4674 111,

351 4681 530 4748 commeanti
546 4688 677 4730 numeros
694 4673 727 4724 st
746 4675 798 4724 etc.
816 4673 950 4736 adscripti
966 4676 1041 4724 sont.

317 4775 350 4836 1)
368 4774 427 4823 1100
449 4769 643 4834 argumetum
664 4761 694 4814 in
717 4758 802 4812 natta.
822 4757 890 4810 1037
904 4778 936 4797 -·
952 4761 1045 4830 1511,
1069 4761 1163 4829 1557.,
1188 4763 1277 4830 11611,

355 4841 432 4894 teet.
450 4837 599 4888 inveattur.

317 4929 350 4996 t)
368 4937 424 4978 non
439 4925 497 4972 tem
515 4921 576 4980 est]
594 4918 644 4970 1111
664 4917 816 4969 1000000
836 4915 881 4966 est
899 4915 964 4983 ten.

316 5021 349 5078 4)
367 5009 480 5069 100001]
500 5006 551 5058 ne
571 5005 647 5057 sats.
664 5004 788 5056 10101001.

1316 624 1439 702 sitioni
1463 639 1515 700 est
1538 625 1658 699 addita
1681 627 1893 724 pollicitatio
1915 627 2034 704 oflicii.
2096 627 2239 702 Deinde
2261 643 2316 700 est

1316 729 1385 802 alia
1403 729 1564 819 narrartio
1583 733 1627 803 de
1640 731 1792 820 liberto,
1818 732 1877 804 cui
1895 743 2016 804 tamen
2036 735 2316 826 praeferendum

1316 848 1434 904 censet
1450 830 1668 908 Phauniam.
1719 833 1762 906 ln
1784 837 1855 906 line
1877 847 1930 906 est
1949 835 2239 921 commendatio,
2275 849 2317 906 ut

1315 935 1501 1008 Valerium
1513 936 1806 1010 iurisconsultum
1821 937 2011 1031 diligenter
2027 937 2184 1011 adiuvet.

1564 1103 1700 1177 Aliud
1736 1119 2061 1199 argumentum.

1418 1241 1534 1314 'sotus
1564 1242 1655 1313 liber
1682 1241 1808 1314 tertius
1832 1243 2054 1314 consumitur
2075 1241 2115 1312 in
2142 1242 2318 1336 epistolis,

1317 1368 1410 1440 quae
1435 1357 1518 1416 sent
1538 1345 1691 1438 scriptae
1712 1347 1758 1414 ad
1772 1344 1930 1440 Appium
1946 1341 2143 1416 Pulchrum
2159 1370 2317 1438 procon-

1316 1448 1428 1519 sulem
1446 1446 1610 1532 Ciliciae,
1641 1446 1698 1518 cui
1720 1461 1844 1542 postca
1869 1447 1994 1519 Cicero
2017 1473 2061 1518 ex
2080 1461 2315 1520 senatuscon-

1317 1551 1410 1622 sulto
1434 1550 1609 1622 successit.
1671 1547 1861 1620 Praedicat
1893 1563 2014 1622 autem
2043 1551 2177 1646 ubique
2207 1575 2316 1622 suum

273 1719 439 1794 scribere·
514 1715 577 1786 33⁰
592 1713 759 1784 mimum.
770 1704 955 1806 penm]
981 1707 1201 1801 propositio,
1227 1708 1266 1776 in
1318 1677 1479 1772 amorem
1502 1665 1538 1723 et
1561 1651 1697 1737 officia,
1723 1653 1854 1724 additis
1876 1654 2181 1726 confutationibus
2198 1654 2316 1746 suspi-

1318 1779 1462 1826 cronum
1486 1755 1696 1840 simultatis,
1738 1780 1830 1850 quae
1855 1755 2122 1828 existimabatur
2148 1757 2316 1826 nondum

1318 1859 1461 1952 penitus
1483 1881 1558 1928 esse
1581 1857 1742 1950 deposita
1755 1871 1777 1944 ,¹
1799 1861 2103 1955 quemadmodum
2126 1853 2196 1928 hoc
2222 1858 2316 1927 indi-

1320 1973 1376 2030 cat
1391 1959 1516 2031 Cicero
1534 1962 1594 2036 12.
1610 1958 1761 2056 epistola
1775 1961 1923 2032 secundi
1938 1961 2034 2034 libri.
2084 1960 2201 2031 Porro
2225 1957 2314 2030 haec

1320 2053 1437 2157 prima
1452 2063 1603 2156 epistola
1630 2073 1770 2134 constat
1791 2062 2135 2134 commemoratione
2157 2065 2316 2134 benevo-

1320 2166 1450 2236 lentiae
1476 2179 1513 2236 et
1529 2165 1789 2262 pollicitatione
1812 2191 1959 2238 suorum
1980 2167 2191 2238 officiorum.
2245 2165 2316 2236 Er·

1321 2269 1462 2340 ordinm
1478 2269 1631 2341 sumitur
1646 2292 1666 2338 a
1685 2269 1842 2365 quadam
1855 2269 2047 2339 reiectione
2063 2293 2203 2354 eorum,
2221 2293 2314 2364 quae

1321 2372 1365 2441 de
1380 2371 1562 2464 republica
1576 2369 1706 2442 merito
1724 2371 1877 2442 scribere
1893 2373 2049 2457 deberet,
2072 2374 2193 2442 addita
2210 2396 2315 2464 prae-

1320 2474 1498 2544 dicatione
1527 2473 1732 2566 diligentiae
1755 2497 1796 2544 ac
1817 2475 1900 2544 lidei
1923 2474 2113 2548 tabellarii.
2178 2474 2315 2568 Estque

1320 2573 1408 2648 haec
1428 2601 1570 2648 summa
1595 2577 1750 2646 exordii:
1782 2573 1948 2648 Phannia
1979 2579 2128 2650 libertus
2158 2591 2242 2648 tuus
2270 2579 2315 2646 de

1247 2728 1256 2746 .
1321 2679 1524 2772 republica,
1553 2703 1644 2775 quae
1668 2679 1817 2762 dicenda
1837 2693 1964 2766 erunt,
1990 2682 2131 2752 abunde
2146 2693 2314 2776 exponet.

1322 2781 1444 2877 Quare
1458 2777 1550 2854 nihil
1566 2806 1657 2874 opus
1673 2793 1744 2866 est,
1768 2793 1811 2852 ut
1825 2783 1869 2852 de
1884 2779 1953 2854 bac
1966 2808 2005 2854 re
2022 2785 2069 2856 ad
2088 2797 2121 2854 te
2140 2783 2314 2860 scribam

1322 2897 1464 2958 tanturn
1495 2885 1789 2956 commemorabo
1825 2887 1870 2958 de
1894 2911 1974 2958 mea
1995 2911 2079 2982 erga
2102 2900 2137 2962 te
2158 2888 2316 2958 benero-

1320 2988 1444 3062 lentia.
1495 2987 1665 3083 Sequitur
1689 2988 1909 3082 propositio,
1941 2991 2038 3090 quod
2061 2989 2155 3060 inter
2178 2989 2314 3060 amicos

1322 3093 1429 3185 longe
1442 3090 1489 3163 sit
1503 3085 1743 3164 charissimus.
1792 3091 1964 3163 Rationes
1978 3106 2169 3164 sumuntur
2192 3115 2212 3162 a
2235 3115 2316 3188 per·

1322 3218 1411 3267 sona
1428 3207 1464 3264 et
1475 3188 1699 3264 humanitate
1711 3193 1833 3286 Appii.
1889 3194 2019 3268 Postea
2035 3208 2088 3267 est
2101 3195 2315 3290 pollicitatio

1323 3319 1470 3369 suorum
1489 3296 1709 3382 officiorum,
1735 3296 1793 3367 cui
1807 3298 1952 3369 additur
1966 3311 2116 3370 venusta
2132 3299 2259 3368 allusio
2277 3297 2315 3366 in

1322 3397 1500 3470 vocabulo
1511 3398 1672 3470 ‘Palladis
1690 3409 1724 3468 et
1738 3398 1924 3496 Appiadis.
1974 3400 2104 3472 Postea
2120 3413 2174 3472 est
2188 3423 2316 3470 narra-

1323 3501 1375 3572 tio
1396 3501 1440 3571 de
1466 3500 1579 3571 altero
1603 3499 1753 3587 liberto,
1792 3503 1856 3598 qui
1885 3503 1993 3572 etiam
2021 3503 2141 3576 attulit
2166 3503 2316 3586 litteras,

1322 3600 1430 3676 buius
1453 3602 1676 3696 diligentiam
1697 3615 1733 3672 et
1753 3629 1931 3678 summam
1950 3602 2211 3676 humanitatem
2238 3605 2317 3675 dili-

1323 3706 1527 3800 gentissime
1550 3707 1744 3799 praedicat.
1805 3703 1847 3776 ln
1871 3710 1940 3778 line
1962 3709 2111 3802 ponitur
2134 3733 2317 3780 commcn-

1324 3808 1423 3879 datio
1442 3807 1575 3881 iocosa.
1638 3807 1751 3882 Notat
1769 3811 1866 3883 enirn
1888 3809 2092 3900 Valerium,
2136 3813 2182 3884 ad
2206 3837 2316 3908 quem

281 3971 450 4044 testabor,
515 3961 654 4033 Deinde
683 3959 844 4054 sequitur
870 3961 1091 4052 propositio,
1134 3962 1172 4033 in
1202 3955 1273 4059 qim
1325 3911 1466 4032 scripsit
1483 3912 1678 3984 admodum
1693 3911 1845 3982 facetam
1870 3913 2055 4006 epistolam
2082 3915 2120 3984 in
2141 3915 2210 3984 sure
2233 3914 2316 3982 libri

1325 4013 1453 4109 primi,
1479 4015 1578 4111 quod
1594 4039 1669 4086 non
1689 4010 1822 4085 babeat
1843 4041 2009 4108 magnam
2032 4017 2120 4096 iuris
2141 4017 2316 4108 cognitio·

1325 4142 1428 4202 nem,
1456 4130 1492 4192 et
1509 4119 1607 4214 quod
1630 4119 1668 4190 in
1692 4142 1734 4186 eo
1755 4119 1834 4216 plus
1854 4119 1899 4190 sit
1920 4119 2176 4217 simplicitatis,
2206 4141 2318 4216 quarn

1326 4219 1494 4292 scientiae
1512 4233 1547 4290 et
1561 4219 1775 4314 cognitionis
1788 4220 1919 4314 legum.

1568 4405 1711 4478 Aliud
1745 4424 2073 4502 argumentum.

1428 4542 1614 4636 Principio
1627 4539 1736 4619 habet
1748 4557 1820 4617 tres
1833 4547 1962 4643 breves
1978 4548 2206 4628 narrationes
2229 4547 2318 4622 baec

1328 4646 1489 4740 epistola.
1529 4647 1671 4732 „Prima
1695 4647 1854 4719 continet
1872 4651 2178 4746 praedicationem
2198 4649 2320 4726 Phan-

1328 4751 1423 4838 niae,
1451 4775 1492 4820 cx
1508 4775 1580 4844 quo
1596 4745 1731 4835 omnia,
1757 4776 1848 4846 quae
1861 4751 2000 4824 Rornae
2015 4769 2183 4846 aguntur,
2207 4783 2318 4852 quam

1327 4852 1495 4924 facillime
1515 4853 1713 4945 intelligere
1734 4855 1857 4946 possit.
1923 4857 2085 4928 Secunda
2109 4863 2318 4934 narratione

1329 4955 1476 5048 exponit
1497 4956 1673 5041 officium,
1714 4969 1750 5026 et
1770 4959 1992 5028 voluntatem
2017 4987 2120 5033 suam
2146 4987 2233 5058 erga
2249 4963 2322 5059 Ap-

317 5105 352 5165 s)
368 5099 423 5152 ers
438 5093 482 5146 aa
500 5092 557 5144 crs.
575 5088 669 5141 versu
686 5086 904 5152 sinuessa,
924 5085 1001 5140 raso.
1017 5087 1080 5142 suas
1096 5092 1179 5142 asos
1192 5101 1278 5154 0ηο-
1329 5057 1450 5152 pium,
1482 5083 1563 5128 cum
1587 5061 1744 5154 quadam
1762 5061 1875 5132 amica
1891 5063 2170 5154 pollicitatione,
2198 5082 2321 5166 estque

352 5171 409 5224 tra
425 5163 491 5216 sunt
506 5161 593 5211 verta
610 5153 766 5222 Pertictm
780 5155 926 5224 marceto.

355 5317 472 5370 -tm
489 5312 674 5378 repertantur.

316 5405 455 5465 11011100
473 5399 587 5460 cteero]
605 5393 656 5450 rs
675 5393 752 5447 tsss.
770 5391 871 5448 ciuem
888 5393 984 5450 011100.

239 5703 375 5762 Α,

1208 5177 1212 5186 ’
1278 5186 1283 5194 ’
1329 5185 1493 5253 aspersus
1528 5160 1639 5233 iocus.
1715 5161 1850 5234 Ultima
1880 5167 2042 5240 narratio
2074 5172 2341 5264 complectitur¹

316 5257 350 5316 ⁸)
366 5255 426 5306 ¹1⁰⁰
442 5245 635 5312 mmm
655 5243 685 5293 st
702 5241 755 5293 ‘¹¹¹⁰
774 5240 922 5306 “imm
943 5239 973 5292 ¹¹²
990 5241 1076 5294 Μ·
1097 5244 1191 5312 Μ’
1210 5243 1299 5308 ¹⁵⁶⁵-
1323 5263 1571 5333 liiudationem
1589 5262 1709 5336 Cilicis
1724 5289 1790 5358 per
1810 5267 2050 5344 collationem.
2107 5271 2149 5344 ln
2174 5275 2247 5346 fine
2272 5287 2321 5347 est

1330 5367 1622 5458 commendatio,
1671 5393 1763 5464 quae
1803 5371 1922 5442 iocum
1962 5367 2070 5444 babet
2108 5378 2319 5452 admixtum.
