4582 5798
239 169 347 257 ,1⁰81
844 163 983 242 vult.
1009 164 1123 240 MEL.
1150 161 1355 240 SCRIPTA
1379 157 1721 236 eunomus
2157 167 2219 247 tas

240 355 288 416 et
296 339 588 432 Peloponnesum
607 337 725 414 discite
742 361 818 408 non
835 339 1029 424 minorem,
1056 361 1165 434 quam
1180 361 1248 430 pa-

248 457 321 530 tres
340 467 417 514 eam
436 439 540 513 vobis
555 440 793 514 tradiderunt.

444 591 610 663 Oratio
636 587 1064 686 Atheniensiumss).

354 709 432 784 Etsi
445 737 520 783 non
539 737 582 783 eo
603 713 702 784 missi
727 737 870 798 sumus,
904 724 946 782 ut
971 739 1050 784 cum
1074 711 1153 782 aliis
1179 705 1249 780 hoc

243 827 411 910 tempore
440 816 686 907 litigaremus,
727 816 790 885 sed
819 826 970 908 propter
993 816 1081 886 alias
1104 838 1247 885 causas:

248 933 372 992 tamen
395 933 631 1013 posteaquam
656 917 860 990 audivimus
884 920 1046 1012 querelas
1069 929 1143 988 tam
1167 941 1247 1008 gra-

247 1047 308 1095 ves
327 1024 596 1106 adversanos,
623 1021 852 1104 accessimus,
879 1044 954 1090 non
969 1035 1011 1092 ut
1029 1019 1248 1092 accusationi

248 1125 549 1222 respondeamus,
574 1122 667 1218 (non
685 1125 779 1194 enim
796 1117 854 1194 hic
871 1146 1054 1196 consessus
1069 1134 1122 1194 est
1138 1135 1179 1194 ut
1194 1123 1248 1193 iu·

248 1227 386 1322 dicum)
402 1227 463 1299 sed
478 1241 520 1298 ut
533 1238 717 1324 petamus,
743 1251 790 1296 ne
805 1229 848 1296 de
866 1249 905 1294 re
921 1239 1020 1296 tanta
1043 1225 1161 1298 subito
1183 1226 1248 1296 ali·
1265 1302 1267 1312 Ι

249 1332 337 1430 quid
358 1329 533 1402 statuatis.
599 1329 776 1400 Volumus
796 1329 905 1399 etiam
930 1331 974 1398 de
997 1342 1121 1401 nostra
1141 1353 1247 1421 repu-

244 1437 339 1507 blica
354 1435 492 1516 dicere,
517 1456 584 1503 nos
599 1457 675 1502 non
689 1431 819 1503 iniuste
832 1445 953 1503 tenere
970 1457 1030 1518 ea,
1057 1457 1148 1528 quae
1165 1457 1247 1524 pos·

247 1539 425 1620 sidemus,
447 1547 482 1604 et
496 1548 658 1606 nostram
675 1535 856 1605 civitatem
873 1537 964 1606 bene
979 1535 1146 1606 meritam
1161 1559 1247 1606 esse.

246 1639 299 1711 tle
322 1652 443 1708 vetera
468 1637 685 1722 omittimus,
727 1662 819 1732 quae
842 1639 955 1730 magis
977 1639 1099 1723 sama,
1137 1662 1245 1734 quarn

248 1741 360 1815 oculis
378 1741 590 1834 accepimus.
642 1741 713 1812 Sed
726 1741 860 1810 bellum
875 1741 1067 1812 Medorum
1089 1742 1159 1834 ipsi
1181 1765 1247 1810 no-

248 1845 367 1930 vistis,
405 1844 504 1915 cuius
528 1845 666 1914 mentio
686 1843 756 1914 etsi
777 1843 882 1916 nobis
907 1844 1081 1914 invidiam
1106 1856 1245 1914 movet:

246 1962 369 2019 tamen
384 1969 462 2018 non
477 1948 794 2039 praetermittenda
812 1958 876 2019 est
928 1946 1020 2017 Cum
1037 1945 1132 2018 enirn
1149 1960 1246 2031 tunc,

247 2077 329 2122 cum
353 2074 410 2121 res
434 2060 554 2140 gestae
577 2061 678 2132 sunt,
712 2047 871 2142 pericula
894 2062 1016 2121 nostra
1042 2051 1247 2143 profuerint

247 2153 346 2236 aliis,
374 2175 455 2222 cum
471 2151 615 2250 quidem
632 2174 696 2222 vos
710 2151 876 2222 laborum
897 2151 1090 2246 participes
1112 2153 1246 2240 essetis,

246 2256 512 2328 concedendum
531 2267 601 2338 est,
626 2267 667 2326 ut
681 2254 834 2326 vicissim
855 2255 959 2328 nobis
981 2257 1097 2348 prosit
1118 2275 1244 2327 eorum

246 2359 395 2430 mentio.
455 2355 624 2428 Dicemus
640 2371 759 2428 autem
775 2353 865 2428 haec
879 2383 954 2428 nou
972 2371 1045 2429 tam
1060 2359 1246 2454 purgatio·
1281 2442 1285 2451 ι

244 2463 301 2536 nis
318 2483 445 2543 causa,
471 2485 581 2556 quam
599 2473 640 2531 ut
661 2455 870 2548 hortemur,
895 2475 937 2532 ut
950 2461 1130 2554 cogitetis,
1157 2487 1245 2559 qua-

244 2566 289 2638 lis
315 2564 360 2636 sit
383 2562 528 2649 civitas,
559 2587 640 2634 cum
668 2587 739 2658 qua
761 2565 862 2636 vobis
886 2579 1067 2636 certamen
1093 2567 1181 2654 erit,
1214 2565 1245 2637 si

246 2668 341 2738 mala
361 2665 510 2736 consilia
529 2665 687 2736 vincent.
1033 2692 1037 2700 ·

347 2767 423 2840 Soli
436 2768 475 2836 in
489 2763 704 2837 Marathone
721 2769 960 2862 pugnavimus
977 2795 1058 2841 cum
1074 2769 1244 2856 barbaro,

245 2883 372 2943 etcum
389 2871 517 2941 deinde
542 2871 723 2956 rediisset,
757 2871 841 2967 quia
866 2871 905 2942 io
930 2885 1024 2945 terra
1047 2873 1115 2945 soli
1139 2897 1243 2966 pares

244 2997 319 3050 esse
348 2986 451 3045 tanto
482 2974 639 3046 exercitu
666 2999 742 3046 non
769 2987 998 3068 poteramus,
1035 2977 1242 3048 universam

243 3077 512 3150 multitudinem
545 3078 675 3150 civium
709 3091 916 3150 nostrorum
942 3080 1095 3152 navibus
1126 3079 1244 3173 impo-

242 3180 396 3265 suimus,
422 3195 457 3252 et
473 3181 519 3250 ad
532 3181 751 3252 Salaminem
770 3182 1040 3269 dimicavimus,
1073 3209 1164 3279 quae
1187 3208 1244 3256 res

134 3361 139 3368 ,
242 3281 313 3372 hoe
342 3283 430 3352 boni
456 3279 602 3367 habuit,
643 3308 689 3354 ne
716 3284 834 3356 classis
861 3286 958 3377 regia
987 3287 1157 3379 populari
1183 3311 1243 3357 ur-

243 3369 307 3457 bes
340 3385 380 3454 in
404 3384 533 3454 ¹littore
561 3397 679 3456 vestro
711 3398 850 3478 posset,
873 3385 986 3482 'quae
1018 3400 1117 3457 tanta
1154 3401 1243 3474 erat,

243 3489 379 3561 utalia
406 3511 492 3582 pars
527 3488 647 3560 classis
681 3488 769 3560 alias
798 3489 906 3561 urbes
935 3489 1043 3560 simul
1072 3489 1242 3562 invadere

242 3606 374 3689 posset,
401 3615 446 3662 ne
463 3590 594 3663 araxilia
612 3591 774 3689 aliaest)
791 3591 870 3664 aliis
885 3593 1081 3664 mitterent.
1117 3593 1243 3688 Quan-

242 3707 319 3767 tum
356 3707 476 3768 autem
509 3694 686 3788 proluerit
718 3707 880 3766 nostrum
918 3697 1126 3784 consilium,
1176 3695 1243 3768 ho-

241 3797 305 3872 stis
322 3797 397 3894 ipse
414 3797 570 3869 ostendit
585 3797 623 3866 in
638 3822 712 3868 uno
729 3797 843 3869 victus
858 3801 980 3868 navali
996 3801 1148 3894 proelio,
1172 3815 1243 3874 sta-

241 3901 308 3972 tim
325 3897 475 3971 abducta
499 3899 636 3969 maiore
659 3913 762 3993 parte
783 3901 956 3975 exercitus
981 3904 1158 3990 discessit,
1189 3904 1243 3974 iu·

242 4005 366 4075 dicans
399 4028 436 4074 se
464 4003 537 4074 iam
570 4016 715 4074 nostrae
751 4004 854 4074 classi
886 4029 963 4074 non
995 4031 1068 4080 esse
1102 4033 1242 4100 parem.

242 4107 340 4178 llaec
357 4131 437 4177 cum
461 4106 690 4190 accidissent,
723 4107 942 4178 intellectum
966 4121 1018 4180 est
1041 4111 1242 4204 potentiam

242 4209 465 4282 Graecorum
489 4209 527 4278 in
553 4209 722 4280 classibus
744 4209 899 4304 positam
931 4235 1017 4282 esse.
1084 4213 1143 4284 Ad
1172 4210 1242 4285 hoc

241 4313 352 4405 igitur
374 4312 443 4382 tria
469 4312 686 4383 contulimus
709 4314 922 4406 praecipua,
956 4317 1154 4386 maximum
1176 4341 1243 4388 nu·

241 4438 383 4487 merum
399 4415 561 4498 navium,
577 4415 895 4507 prudentissimum
911 4419 1051 4505 ducem,
1066 4432 1101 4488 et
1118 4443 1242 4512 prom-

241 4517 460 4612 ptitudinem
476 4517 608 4589 civium
626 4518 816 4610 egregiam.
859 4517 980 4592 Naves
998 4519 1139 4591 circiter
1153 4545 1243 4619 qua-

241 4619 470 4714 dringentas,
494 4622 570 4691 sere
587 4621 677 4692 duos
697 4621 847 4693 trientes
871 4622 982 4695 totius
1006 4624 1144 4706 classis;
1177 4628 1243 4696 du-

242 4734 319 4796 c'em
335 4719 637 4810 Themistoclem,
664 4723 727 4819 qui
740 4724 809 4795 luit
825 4737 931 4797 autor
948 4729 1108 4814 consilii,
1142 4741 1183 4800 ut
1200 4729 1242 4798 in

242 4825 414 4920 angustiis
430 4829 530 4898 lieret
546 4826 683 4898 navalis
698 4851 841 4920 pugna,
874 4853 946 4923 quo
972 4829 1011 4900 in
1033 4833 1113 4902 loco
1136 4843 1241 4924 parta

241 4931 413 5016 victoria,
438 4930 629 5024 praecipue
647 4931 1028 5019 servavit'Graeciam,
1061 4959 1170 5030 quam
1194 4935 1241 5004 ob

134 5040 137 5058 ¹
243 5055 387 5108 causam
405 5047 441 5105 et
455 5057 518 5103 vos
534 5031 816 5105 'Lacedaemonii
840 5059 923 5106 eum
947 5037 1061 5130 magis
1081 5033 1242 5108 honora·

241 5135 304 5210 stis
320 5163 430 5232 quam
447 5135 563 5208 ullum
578 5133 770 5229 hospitem.
805 5137 1137 5232 Promptitudinem
1153 5164 1240 5211 vero

243 5257 464 5383 W.
481 5321 504 5385 1,
520 5321 651 5374 ss-ss.

275 5399 345 5462 ιιι)
360 5402 434 5456 uss
452 5403 528 5470 (seu.
545 5407 666 5468 sesso]
684 5405 737 5460 rr.
753 5405 831 5462 ssu.
848 5407 914 5464 urs

1299 347 1464 408 nostram
1482 359 1526 406 eo
1545 333 1789 418 ostendimus,
1825 332 1929 428 quia,
1962 356 2039 404 cum
2058 355 2144 404 nemo
2159 339 2225 410 nolis

1301 438 1473 510 auxilium
1489 439 1618 524 lerret,
1643 438 1705 508 sed
1720 436 1869 508 caeteris
1886 459 1997 530 usque
2017 437 2058 506 ad
2071 436 2224 510 Attiuuin

1300 541 1508 614 servitutem
1531 541 1703 623 redactis,
1727 541 1855 622 urbem
1880 551 2036 610 nosram
2058 540 2226 626 deseruimus,

1300 657 1336 715 et
1348 667 1425 714 rem
1437 643 1654 714 familiarem
1673 642 1920 736 corrupimus,
1945 654 1982 712 et
1997 665 2041 710 ne
2053 653 2108 712 aut
2120 643 2226 736 ruique

1299 747 1416 820 socios
1431 748 1693 831 desereremus,
1717 757 1782 816 aut
1794 745 1959 838 dissipati
1972 743 2104 814 inutiles
2121 744 2158 814 eis
2170 769 2225 814 esse·

1300 875 1399 934 mus,
1424 851 1464 920 io
1479 873 1591 922 naves
1607 847 1756 942 ingrcssi
1770 873 1914 934 sumus,
1938 860 1981 918 ut
1994 870 2156 918 oommuue
2169 847 2226 938 pen'·

1300 955 1419 1024 culum
1442 953 1644 1036 adiremus,
1676 976 1752 1024 oon
1775 962 2020 1024 succensentes
2041 950 2143 1032 vobis,
2168 951 2226 1040 quod

1301 1056 1405 1128 citios
1425 1079 1501 1126 non
1524 1055 1703 1127 miseratis
1726 1054 1870 1126 auxilia.
1935 1054 2054 1149 Quare
2074 1075 2136 1120 non
2153 1053 2227 1120 nun

1300 1159 1403 1230 vobis
1418 1158 1534 1229 nostri
1548 1159 1690 1230 labores
1704 1157 1937 1250 profuerunt,
1970 1179 2073 1251 qoam
2096 1153 2228 1224 vestrim

1299 1262 1366 1333 bis.
1432 1259 1506 1331 Vos
1536 1261 1632 1332 cuim
1667 1259 1861 1332 accessistis
1888 1283 1932 1330 es
1962 1258 2102 1330 urbibus
2124 1253 2228 1346 integri,

1300 1389 1381 1436 curn
1404 1365 1478 1434 iam
1499 1376 1536 1434 et
1557 1364 1659 1436 vobis
1683 1362 1876 1448 timeretis,
1916 1374 1953 1432 et
1978 1385 2051 1432 noo
2072 1373 2133 1430 tam
2152 1371 2228 1426 nostra

1300 1492 1409 1562 quam
1425 1479 1542 1538 vestra
1563 1489 1668 1538 causa
1683 1491 1785 1536 arma
1804 1464 1966 1558 cepistis,
1999 1477 2040 1534 ut
2058 1460 2149 1534 salvis
2165 1459 2229 1528 rebus

1300 1569 1426 1642 vestris
1441 1570 1608 1662 deinceps
1628 1594 1774 1665 quoque
1798 1568 1871 1640 frui
1895 1567 2064 1660 possetis,
2089 1585 2230 1634 oeceses

1299 1674 1406 1758 sistis,
1428 1697 1509 1744 cum
1524 1669 1642 1744 adhuc
1655 1673 1781 1742 urbem
1799 1684 2020 1752 teneremus3
2051 1693 2111 1738 nos
2124 1690 2186 1736 vero
2196 1666 2230 1731 ds

1299 1789 1391 1848 serta
1408 1777 1497 1846 urbe
1512 1775 1710 1868 progressi,
1744 1787 1780 1844 et
1794 1798 1862 1867 pro
1877 1797 1939 1856 es,
1967 1797 2075 1868 quam
2089 1765 2180 1838 adhuc
2191 1765 2232 1834 ui

1298 1903 1367 1972 gua
1381 1903 1443 1971 spe
1458 1878 1689 1962 tenebamus,
1715 1877 1934 1970 proeliantes
1948 1875 2066 1960 simul,
2089 1886 2119 1942 et
2131 1870 2232 1940 nobiset

1299 1981 1401 2053 vobis
1420 2005 1524 2074 opem
1544 1981 1703 2054 tulimus.
1763 1980 1872 2073 Quod
1886 1979 1917 2051 si
1934 1977 2231 2052 adiunxissemusros

1298 2085 1407 2156 Medo
1427 2097 1469 2158 ut
1484 2083 1636 2169 caeteri,
1668 2096 1868 2157 metuentes
1885 2095 2032 2154 nostrae
2048 2077 2180 2171 regiam,
2195 2095 2232 2142 au

1298 2200 1422 2282 postea
1438 2187 1585 2260 classem
1602 2187 1904 2272 instruxissemus,
1930 2209 1997 2256 nec
2012 2207 2075 2254 vos
2090 2174 2233 2274 potuissetis

1298 2291 1469 2362 dimicare
1484 2302 1633 2384 propter
1647 2291 1866 2382 paucitatem
1882 2288 2048 2360 navium:
2070 2285 2114 2354 ita
2130 2283 2186 2354 sine
2196 2277 2232 2346 dil·

1297 2395 1453 2466 ficultate
1468 2393 1587 2466 Medis
1603 2417 1646 2464 ex
1660 2393 1836 2465 sententia
1852 2389 1995 2484 haeres
2008 2385 2221 2484 processissent

1400 2496 1523 2590 Quare
1537 2508 1687 2590 propter
1705 2520 1786 2566 eam
1807 2493 2123 2589 promptitudinem
2145 2500 2171 2558 et
2185 2505 2233 2553 eor

1296 2597 1375 2670 silia
1390 2600 1524 2672 iustum
1541 2611 1613 2684 est,
1641 2623 1708 2672 nos
1722 2611 1872 2693 propter
1886 2598 2121 2692 principatum
2134 2613 2191 2660 nou
2200 2609 2233 2654 tt

1297 2702 1373 2773 cari
1388 2703 1427 2772 in
1442 2703 1616 2774 invidiam
1634 2705 1731 2796 apud
1747 2703 1916 2774 Graecos.
1968 2700 2053 2772 Non
2068 2696 2151 2768 enirn
2165 2691 2235 2804 vitt·

1297 2805 1526 2898 copavimus,
1548 2807 1612 2878 sed
1626 2805 1710 2900 quia
1728 2831 1793 2878 vos
1808 2829 1854 2878 ne
1870 2803 2036 2875 voluistis
2050 2799 2174 2896 quiden
2187 2791 2235 2861 reb·

1297 2909 1401 3004 quias
1416 2910 1656 2981 barbarorum
1671 2909 1816 3002 pellere.
1856 2906 1953 2980 Socii
1968 2930 2057 2978 vero
2072 2928 2090 2972 a
2105 2895 2234 2971 nohisd·

1297 3035 1353 3084 ces
1369 3012 1555 3105 petebant;
1582 3011 1665 3082 inde
1682 3013 1797 3082 coacti
1811 3035 1934 3083 sumus
1950 3009 2173 3103 principatum
2185 3019 2235 3066 cot

1296 3116 1461 3201 firmare,
1499 3114 1657 3208 primum
1683 3127 1801 3200 metu,
1840 3114 1971 3184 deinde
1999 3108 2140 3184 honoris
2161 3121 2234 3178 mut·

1295 3230 1480 3310 postremo
1496 3231 1532 3288 et
1547 3229 1696 3310 propter
1710 3218 1914 3290 utilitatem.
1962 3216 2049 3288 Non
2064 3213 2149 3284 enim
2162 3217 2235 3274 tutuo

1295 3321 1401 3393 nobis
1431 3321 1621 3392 videbatur
1651 3321 1831 3414 deponere
1856 3321 1999 3392 labores
2023 3330 2058 3390 et
2086 3307 2233 3404 imperim

1295 3423 1430 3495 eumin
1446 3424 1531 3493 odio
1554 3447 1730 3509 essemus,
1762 3437 1796 3494 et
1821 3423 1893 3492 iam
1917 3423 2078 3518 aliquos,
2108 3415 2162 3512 qui
2179 3407 2235 3478 deit

1296 3538 1436 3610 cerant,
1478 3528 1525 3597 ad
1556 3527 1799 3598 obedientiam
1833 3525 2119 3604 recessissemus,
2151 3526 2178 3586 el
2199 3528 2234 3576 tlt

1294 3653 1369 3699 noo
1386 3629 1506 3701 essetis
1521 3629 1627 3702 nobis
1642 3630 1761 3702 amici.
1812 3628 1907 3703 Nam
1921 3629 2010 3700 socii
2027 3623 2133 3700 nostri
2149 3617 2184 3688 ad
2199 3631 2234 3678 vo

1295 3732 1467 3804 defecturi
1497 3745 1613 3804 erant.
1678 3732 1753 3806 Nec
1776 3757 1863 3804 vcro
1887 3731 2060 3804 iniustum
2082 3738 2144 3809 est,
2176 3737 2235 3794 eum.

1295 3835 1359 3930 qui
1374 3835 1413 3904 in
1428 3835 1590 3927 periculo
1605 3859 1737 3928 magno
1758 3848 1939 3923 versatur,
1963 3860 2038 3907 sese
2060 3824 2194 3904 munire,
2215 3825 2235 3882 ‘l

1295 3963 1379 4010 suae
1404 3938 1551 4008 utilitati
1580 3939 1778 4014 consulere.
1843 3938 1903 4010 Sic
1922 3951 1958 4008 et
1979 3963 2044 4009 vos
2067 3930 2234 4040 civitatestt

1294 4041 1567 4134 Peloponneso,
1606 4065 1761 4136 quarum
1795 4043 1903 4114 doses
1932 4040 2067 4126 fuistis,
2104 4036 2233 4104 consutor

1294 4145 1356 4216 stis
1372 4169 1439 4238 pro
1456 4158 1572 4216 vestra
1590 4145 1757 4216 utilitate.
1805 4145 1903 4216 Arsi
1918 4147 1957 4217 in
1973 4139 2149 4214 retinendo
2162 4131 2234 4218 impe

1294 4248 1350 4317 rio
1365 4249 1674 4341 perseverassetis,
1700 4247 1885 4320 venissetis
1901 4247 1939 4318 in
1956 4249 2080 4318 odium
2098 4241 2173 4316 sicut
2186 4251 2233 4308 11⁰8

1294 4375 1360 4421 nec
1381 4350 1502 4422 minus
1525 4351 1645 4422 acerbi
1668 4351 1824 4424 fuissetis
1854 4352 1959 4424 sociis
1991 4367 2094 4446 quarn
2121 4367 2188 4422 ooss
2213 4341 2233 4400 ‘l

1295 4454 1410 4526 coacti
1424 4453 1578 4542 fuissetis
1596 4465 1659 4526 aut
1674 4453 1711 4522 vi
1726 4454 1881 4526 retinere
1905 4453 2111 4548 imperium,
2137 4453 2185 4516 aut
2199 4457 2233 4504 tt

1294 4557 1372 4626 nire
1389 4557 1429 4627 in
1446 4555 1669 4628 servitutem.

1396 4655 1497 4733 Nihil
1517 4659 1628 4750 igitur
1649 4660 1782 4732 mirum
1807 4661 1958 4732 facimus
1981 4671 2046 4729 aut
2065 4655 2192 4726 alienun
2207 4639 2232 4755 tl

1292 4758 1484 4834 hominurn
1508 4762 1691 4847 moribus,
1718 4765 1815 4859 quod
1839 4761 2032 4858 imperium
2052 4757 2144 4830 nobis
2162 4745 2231 4820 trad*
2264 4739 2265 4826 l

1294 4880 1370 4939 tum
1386 4865 1600 4960 accepimus,
1626 4889 1693 4936 nec
1707 4867 1937 4960 deponimus,
1959 4891 2038 4937 cum
2054 4860 2228 4964 ηιίιιετειῇῦ.ε
2264 4860 2265 4888 ¹

1293 4981 1424 5062 cogant
1437 4970 1594 5038 maxime
1608 4970 1809 5044 communis
1832 4985 1969 5056 metus,
2001 4963 2110 5038 honos
2127 4972 2155 5030 et
2169 4949 2228 5024 uttlt

1293 5087 1358 5144 tas.
1402 5071 1477 5146 Nec
1490 5072 1602 5164 primi
1620 5083 1765 5148 autores
1779 5099 1902 5146 sumus
1916 5069 2022 5146 huius
2036 5059 2174 5156 exempli,
2190 5045 2228 5122 “l

1292 5199 1434 5268 semper
1449 5169 1519 5244 hoe
1532 5176 1704 5245 usitatum
1721 5177 1808 5260 luit,
1842 5176 2102 5247 imbecilliorem
2115 5191 2131 5236 a
2143 5171 2227 5274 polet·

1292 5279 1385 5349 tiore
1407 5273 1608 5363 coherceri,
1647 5301 1730 5348 cum
1751 5279 1898 5374 qrridam
1925 5275 2024 5372 digni
2043 5275 2141 5346 simus
2158 5275 2227 5378 eon

1292 5393 1411 5453 vestro
1429 5380 1563 5452 iudicio
1577 5405 1689 5476 usque
1704 5382 1751 5451 ad
1765 5377 1833 5453 hoc
1858 5396 2014 5474 tempus,
2046 5399 2110 5474 quo
2128 5365 2225 5442 urhun
