4582 5798
32 219 133 297 ‘rear
228 215 338 293 mv,
384 201 793 290 murmuratam
814 203 929 284 nom
953 199 1235 283 rheumam
1260 204 1327 284 nu
1352 203 1875 292 norhumbrorum
1971 209 2072 296 tart

159 391 333 452 Melanthea
369 394 490 466 praeter
525 382 605 442 huuc
632 382 838 443 Plutarchi
874 383 971 443 losum
1004 371 1159 462 Tuhiagae
1192 399 1334 460 verram,
1376 383 1485 444 ibidem
1521 383 1709 444 eiusdem¹
1730 388 1905 448 auctoris
1935 383 2067 470 optaretis¹

36 481 99 540 ium
124 477 209 561 Περὶ
237 469 293 538 κού
320 465 466 548 ἀκούειν,
501 463 556 530 Ην
583 475 680 528 recta
706 469 842 530 ratiorre
868 465 1048 540 αιιάἰονάύ,
1080 485 1135 542 teu
1161 469 1277 532 rariore
1296 471 1490 550 inscriptione
1510 471 1597 554 Περὶ
1617 470 1676 537 τοῦ
1694 463 1824 540 ἀκούειν
1844 467 1907 550 τῷν
1926 471 2067 558 φιλοσύ-

38 585 124 647 pne,
149 558 321 642 Quomodo
342 551 508 620 ordiendi
529 555 598 614 rint
617 549 814 636 philoropirr'
824 553 872 635 *),
901 553 1165 627 latinereddidit,
1202 556 1488 630 ruiaameutiouem
1508 556 1578 618 lacit
1598 557 1631 619 in
1653 558 1778 635 epistola
1798 559 1837 622 ad
1855 561 1899 634 1ο.
1920 561 2067 622 Beuchii-

34 669 105 710 num
126 668 165 709 m.
187 649 323 709 lmurrio
347 640 442 708 1518.
464 640 574 718 scripta
594 637 670 720 (rid.
692 641 779 700 haiur
798 640 888 720 Corp.
910 638 1045 701 Reform
1067 639 1135 702 Vol.
1148 640 1173 703 1.
1195 659 1227 719 p.
1242 623 1313 720 51.)
1335 642 1382 701 hir
1403 644 1518 704 uerbis:
1553 636 1763 720 „Plutarchi
1784 665 1819 708 το
1840 647 1916 730 περὶ
1936 639 2066 710 ἀκούειν

35 754 56 795 a
76 751 122 794 me
143 751 261 794 versum
283 734 331 796 rai
352 729 396 791 ris
417 726 530 786 dicabo.
539 722 559 754 ’²
586 735 617 784 et
638 725 668 785 in
689 727 815 810 epistola
837 744 876 787 m.
897 723 1067 804 Septembri
1087 725 1218 786 eiusdem
1240 728 1309 786 runi
1330 727 1370 788 ad
1389 727 1573 808 Spalatinum
1594 731 1702 811 scripta
1724 731 1800 812 (rid.
1821 731 1912 812 Corp.
1929 732 2065 796 Reform.
2183 769 2187 778 ·

38 821 61 881 l.
74 822 95 882 Ι.
116 839 147 899 p.
160 815 246 898 thir
274 813 465 898 „Prodibant
485 807 541 869 hec
562 823 647 886 anno·
662 819 696 872 et
716 805 815 872 rtatim
837 805 911 870 haee
932 824 1014 869 mea:
1152 827 1154 834 ·
1457 797 1462 819 ‘

376 898 532 958 Calumma
545 891 591 978 *1)
614 897 673 962 ism
694 895 883 969 initiandam
902 897 993 960 nasa
1013 906 1077 970 ertr

376 981 604 1055 Dictioueritrm3

375 1069 452 1152 περὶ
474 1058 604 1130 ἀκούειν
628 1059 828 1140 Ρλκοονοάἰς

375 1155 451 1236 περὶ
476 1144 670 1234 ἀδολεσχίας
692 1146 875 1213 Plutarchi
881 1175 891 1224 t

380 1239 515 1317 Hymnus
536 1236 567 1296 iu
588 1238 711 1316 angelos
731 1255 873 1317 graecum

377 1319 639 1399 Athenagoran

376 1409 468 1470 Liber
489 1408 529 1468 de
551 1424 687 1468 οοοοοιοο
708 1407 888 1481 studiornm3

376 1487 531 1554 Platonis
552 1492 748 1570 symposium,

36 1593 70 1642 et
90 1580 145 1639 alia
166 1579 290 1639 fortasre
311 1577 375 1638 Diis
398 1581 564 1640 iu'rautibur
585 1590 618 1638 et
638 1579 766 1656 auspicio
787 1577 930 1656 Principis
951 1569 1071 1638 lelioi.’'
1092 1586 1151 1637 etc.
1203 1575 1259 1635 liic
1285 1576 1404 1638 libellas
1431 1577 1664 1638 ahielanthoae
1692 1581 1721 1638 ia
1750 1579 1874 1640 latinam
1901 1599 2067 1642 sermonem
2143 1629 2145 1636 .
2197 1659 2199 1664 Ι
2282 1635 2287 1654 ,

36 1667 195 1726 nsnslarus
216 1681 382 1740 nunquam,
409 1676 440 1726 ut
462 1664 597 1739 ridetur,
626 1674 659 1739 ty
681 1662 706 1721 is
728 1664 892 1741 exscriptus
914 1671 969 1722 ert.
991 1691 1032 1705 -
1067 1659 1173 1721 Utrum
1195 1663 1284 1722 etiam
1305 1661 1432 1724 alteram
1444 1663 1593 1724 Plutarchi
1614 1665 1789 1742 opurculum
1811 1668 1841 1724 iu
1864 1665 1919 1726 hac
1939 1665 1977 1725 ad
1990 1665 2068 1747 Spa·

34 1751 158 1812 nomon
180 1749 304 1830 epistola
324 1761 519 1810 memoratum
541 1749 627 1830 Περὶ
647 1747 857 1854 αδαλεσῇίας,
877 1742 933 1808 Dc
953 1741 1179 1824 garrulitate,
1207 1764 1243 1806 eo
1265 1757 1416 1826 tempore,
1436 1769 1494 1828 quo
1516 1749 1589 1809 haec
1609 1748 1744 1829 rcripsit,
1779 1751 1837 1810 iam
1859 1752 1998 1826 verterit,
2026 1769 2066 1810 an

33 1836 235 1898 tantummodo
256 1834 319 1894 eius
340 1835 478 1896 vertendi
499 1833 653 1894 eonsilium
675 1849 805 1914 capent,
834 1833 954 1893 dubium
975 1841 1032 1892 est.
1053 1861 1096 1877 -
1144 1831 1288 1892 Neutrias
1316 1843 1416 1894 autem
1446 1833 1542 1894 libelli
1570 1835 1846 1914 interpretationem
1867 1837 2067 1896 Melanthoair

33 1923 67 1984 in
90 1923 184 1982 lucem
204 1919 348 2000 pradiirse
370 1939 410 1980 ex
432 1939 468 1981 eo
490 1920 672 2000 colligimur,
706 1921 784 1999 quod
806 1937 846 1980 ue
888 1911 1084 1996 epeouliarir
1108 1917 1243 1980 editionis
1262 1918 1369 1980 harum
1390 1921 1668 1999 interpretationum
1689 1921 1783 1980 allum
1805 1924 1961 2002 cortigiam
1981 1923 2068 1984 inre-

34 2009 147 2085 nimns‚
176 2023 276 2086 aeque
297 2005 327 2064 ln
349 2003 500 2066 Plutarchi
521 2000 682 2066 Morallbus
709 2007 802 2067 latiae
831 2023 848 2065 e
871 2005 918 2064 itis
939 2003 1073 2063 Basileoe
1095 2000 1190 2066 1541.
1211 2004 1276 2064 Fal.
1307 2016 1338 2065 et
1364 2006 1393 2065 in
1416 2005 1582 2085 appendice
1602 2006 1689 2065 Tomi
1709 2007 1792 2067 tertii
1812 2007 1948 2068 editionis
1970 2007 2065 2068 ilenr.

33 2087 244 2172 Stephaaiffl)
266 2093 466 2171 reperiuntur.
510 2091 587 2150 Nam
608 2089 666 2150 Ed.
682 2093 838 2152 Moralium
852 2090 957 2150 Latina
970 2087 1147 2150 Basileeuris
1166 2089 1301 2152 libellum
1323 2092 1408 2174 Περὶ
1430 2084 1487 2155 τοῦ
1507 2085 1634 2154 ἀκούειν
1653 2092 1690 2152 ab
1711 2086 1885 2154 Ottenraro
1902 2089 2068 2153 Lrsrcr'rrr'e

31 2179 127 2238 latine
161 2175 312 2238 redditam
343 2177 481 2252 exhibet,
521 2176 578 2236 lid.
608 2175 809 2256 Stephauiaua
843 2188 942 2236 autem
974 2175 1107 2253 opusculi
1135 2175 1220 2259 Περὶ
1248 2167 1442 2260 ἀδολεσχίας
1467 2177 1742 2255 interpretationem
1768 2179 1890 2238 latinam
1920 2173 2067 2240 tum

32 2259 235 2344 ngeorgs
255 2262 388 2322 confluet
404 2259 456 2346 i).
482 2290 519 2308 -·
570 2262 618 2322 Ex
640 2263 692 2340 iia,
720 2282 796 2343 qaae
816 2260 1079 2334 Bretrchneiderur
1101 2261 1130 2318 ia
1152 2263 1313 2324 ducalibur
1334 2266 1412 2326 ritae
1433 2263 1507 2325 Mel.
1530 2282 1557 2324 a.
1572 2260 1669 2326 1518.
1691 2279 1793 2324 meare
1815 2264 1890 2327 lulio
1911 2262 1956 2344 (iu
1978 2262 2066 2324 haim

31 2351 124 2428 corp.
144 2348 278 2409 Reform.
302 2348 410 2408 Vrbi.
439 2368 469 2429 p.
488 2345 633 2409 CXLVll.
660 2349 750 2410 dixit:
784 2348 902 2426 „hlittit
922 2345 1086 2423 Frobenio,
1123 2346 1300 2430 bibliopolae
1321 2350 1484 2412 Basileeuri
1504 2348 1653 2412 Plutarchi
1674 2348 1838 2428 quaedam,
1873 2367 1950 2430 qnae
1972 2349 2066 2413 iatine

30 2435 225 2508 reddiderat,
253 2435 393 2512 inscripta
413 2433 565 2494 Bernardo
587 2433 708 2512 Mauro,
729 2452 806 2514 quae
827 2450 931 2493 meare
953 2430 1037 2512 Sept.
1059 2430 1271 2508 prodierant.”
1290 2435 1415 2498 lortarur
1431 2437 1537 2514 aliquis
1558 2434 1706 2512 conida,
1732 2434 1837 2494 horum
1859 2433 2066 2514 opusculorum

32 2520 309 2600 interpretationem
332 2520 452 2580 latinam
474 2518 525 2576 illo
548 2529 684 2597 tempore
707 2538 777 2580 rere
798 2518 957 2600 prodiisse;
986 2523 1017 2576 at
1038 2514 1123 2575 huius
1144 2519 1211 2578 libri
1231 2520 1425 2594 Frobeniani,
1446 2521 1485 2582 ad
1507 2539 1597 2600 quem
1618 2519 1693 2580 haec
1713 2519 1952 2582 meuhneidcri
1973 2519 2065 2593 rerba

30 2609 100 2668 rina
120 2605 208 2665 dubio
229 2615 382 2684 rpectaut,
402 2604 563 2684 descriptio
584 2623 602 2664 a
622 2605 705 2666 nobis
726 2624 816 2686 supra
836 2624 869 2686 p.
884 2599 966 2667 liri
980 2621 1044 2684 sqq.
1066 2621 1113 2660 nr.
1125 2600 1191 2666 5ο.
1212 2607 1362 2685 proponite
1383 2607 1463 2668 clare
1484 2605 1628 2688 emendit,
1653 2623 1692 2666 ex
1712 2607 1748 2666 iis
1766 2607 1916 2668 Plutarchi
1938 2621 2065 2686 opuscu-

30 2693 90 2768 lis,
123 2710 247 2769 qaorum
266 2692 344 2756 iuter
366 2689 541 2752 retationem
564 2690 687 2751 latinam
708 2691 755 2752 hic
776 2691 852 2754 liber
874 2689 1022 2766 confluet,
1049 2687 1134 2748 nnius
1156 2691 1355 2754 tautummodo
1376 2691 1599 2754 Melanthouem
1624 2708 1690 2752 esre
1711 2693 1925 2772 interpretem,
1955 2705 2066 2768 nempe

27 2779 112 2842 illius
138 2771 318 2857 quaestionis
340 2711 403 2838 ill
433 2776 498 2838 libri
521 2772 600 2836 vill.
629 2763 835 2838 &ritualium
846 2775 1064 2847 ,Quaestionum
1092 2773 1132 2834 de
1153 2777 1233 2836 Nata
1252 2775 1460 2858 Pythagorica,
1495 2795 1572 2858 quae
1599 2779 1805 2856 interpretatio
1834 2780 1924 2839 etiam
1954 2779 1985 2836 in
2006 2773 2065 2833 lid.

29 2863 188 2928 Moralium
209 2861 360 2922 Plutarchi
381 2861 487 2922 Latina
508 2861 670 2925 basileensi
692 2884 720 2925 a.
735 2861 829 2926 tall.
859 2874 890 2923 et
910 2863 941 2920 iu
963 2861 1028 2919 aliis
1050 2876 1153 2920 eorum
1175 2861 1350 2925 editionibus
1370 2883 1459 2946 rupra
1481 2883 1512 2943 p.
1525 2861 1611 2926 ltro
1624 2882 1668 2940 sq.
1690 2865 1922 2925 commemoratis
1941 2859 2067 2922 enhibe-

31 2963 96 3012 tar.
116 2981 159 2994 -
216 2947 409 3028 Quapropter
428 2949 546 3012 illorum
565 2947 694 3014 duorum
714 2949 922 3030 operariorum
944 2943 1095 3022 Plutarchi
1115 2948 1322 3028 interpretatio
1344 2951 1434 3028 rtet,
1467 2951 1527 3010 niri
1546 2950 1626 3012 lorte
1646 2948 1766 3010 launna
1786 2951 1816 3009 ia
1838 2949 1949 3010 Codice
1970 2945 2067 3024 aliquo

31 3036 218 3116 reperiatur,
246 3034 385 3112 opeubur
406 3033 570 3113 deperditir
591 3047 636 3095 ert
657 3035 904 3100 adnumeranda..-

121 3219 287 3284 Praeterea
307 3221 381 3282 door
401 3225 474 3283 alios
495 3226 573 3284 locas
595 3222 726 3284 eiusdem
747 3221 924 3282 auctoricio
948 3220 1071 3280 aaron
1091 3238 1259 3281 sermonem
1280 3223 1444 3284 transtulitr

209 3337 238 3401 l.
269 3356 309 3399 ex
330 3341 393 3400 elas
416 3343 476 3402 rita
496 3345 579 3402 Arati
599 3363 625 3404 ο.
641 3339 692 3402 tt.
713 3339 935 3418 inscriptionem
956 3349 1071 3398 smtaee
1094 3338 1183 3398 Arato
1203 3339 1233 3397 in
1255 3339 1352 3418 patria
1371 3338 1503 3418 positae3

208 3439 241 3503 5.
269 3459 308 3502 ex
330 3443 393 3504 elur
414 3448 554 3525 opusculo
576 3445 652 3530 περὶ
674 3435 833 3524 adiutrice
853 3461 878 3503 c.
893 3439 947 3505 15.
967 3441 1047 3500 hunc
1068 3456 1202 3500 rerrumr

542 3535 625 3609 ‘uti'
640 3547 700 3629 μὲν
721 3540 761 3608 ἀν
781 3566 813 3607 τι
836 3543 949 3630 φέρῃς,
980 3535 1090 3623 ὀλίγον
1111 3535 1144 3603 δ’
1166 3535 1247 3624 ἀχος
1267 3535 1305 3617 ἢν
1326 3533 1505 3626 ἀπολείπῃς
1518 3539 1594 3622 ·Η·).

24 3683 141 3748 Priorls
163 3683 221 3743 loci
241 3683 448 3762 interpretatio
470 3685 635 3744 interitura
702 3709 705 3716 ·
740 3685 743 3692 ’

206 3804 236 3848 a.
263 3785 293 3844 in
315 3785 514 3847 Melanthcnls
535 3787 667 3866 Operum
690 3783 779 3846 Basil.
807 3778 950 3844 TomoV.
971 3801 1003 3861 p.
1017 3777 1112 3854 5551

206 3889 235 3947 b.
263 3887 293 3946 in
317 3887 449 3948 eiusdem
470 3888 696 3969 Epigrammatis
718 3887 849 3947 collectis
870 3905 889 3945 a
910 3885 1005 3946 Hilbr.
1020 3884 1178 3946 Grethusio
1199 3881 1312 3966 (ureb.
1337 3879 1432 3947 1550.
1453 3881 1486 3948 8.
1508 3882 1586 3946 ocul.
1599 3902 1688 3964 supra
1708 3877 1882 3964 petam.)
1895 3878 1959 3940 'lah
1972 3874 2070 3952 L8¹3

210 4010 236 4051 c.
265 3991 449 4138 iufeliulrdpm
463 3992 689 4072 Epigrammatir
711 4009 816 4052 recent
837 3991 923 4053 editir
945 3989 1039 4051 studio
1061 4000 1091 4050 et
1112 4003 1204 4066 opera
1216 3985 1298 4046 Petri
1310 3984 1458 4046 Vraceutli
1472 3983 1597 4066 (witer.
1620 3981 1714 4048 1555.
1737 3983 1770 4049 8.
1791 3982 1973 4060 coul.rupra
1991 3980 2066 4062 11.)

307 4098 349 4138 ο.
454 4097 465 4152 3
944 4093 946 4102 ⁴

209 4178 239 4240 d.
268 4179 299 4238 in
321 4178 408 4239 huius
430 4182 520 4260 Corp.
540 4177 673 4241 Relorm.
696 4178 764 4238 Vol.
778 4177 815 4236 X.
839 4198 869 4258 p.
884 4173 958 4240 555.
981 4171 1112 4240 unm

1661 3759 1676 3804 1

71 4441 106 4502 *)
126 4438 208 4492 conl.
227 4433 439 4502 wyttenbaoirll
459 4435 543 4485 ludex
561 4433 734 4498 lldltionunr,
758 4429 926 4482 Verslouan
944 4433 996 4482 eto.
1021 4430 1050 4481 lu
1074 4428 1135 4480 elus
1154 4427 1203 4482 nd.
1221 4429 1368 4481 blorailnm
1385 4427 1527 4481 Plutarchi
1550 4429 1625 4482 tom.
1641 4426 1661 4478 l.
1685 4439 1711 4491 p.
1724 4425 1818 4478 clava
1842 4437 1887 4482 nr.
1901 4426 1930 4478 1.
1954 4425 2069 4491 uosque

105 4510 177 4561 nota
193 4507 255 4560 crit.
274 4507 310 4558 ad
328 4503 537 4568 inscriptionem
556 4503 635 4554 lalus
654 4499 740 4553 lllrclll
761 4500 824 4551 ilrld.
844 4515 869 4564 p.
886 4499 944 4548 111.
962 4525 997 4538 -
1031 4497 1265 4550 Poerstemannaa
1283 4499 1310 4548 ln
1329 4500 1395 4550 neta
1411 4497 1497 4562 priori
1515 4496 1651 4560 epistolae
1667 4495 1825 4560 rtrcupta,
1844 4499 1872 4546 et
1889 4495 2067 4547 Bretsclrnrl·

107 4580 196 4629 derus
213 4578 240 4626 la
258 4574 412 4627 Annalibus
431 4571 505 4623 vitae
524 4574 588 4623 blei.
605 4585 632 4623 a.
653 4571 729 4622 1515
748 4568 793 4629 (ln
812 4570 890 4620 bulas
908 4569 991 4632 corp.
1010 4569 1072 4622 liet.
1091 4568 1156 4620 vol.
1173 4568 1193 4618 l.
1219 4581 1245 4630 p.
1258 4567 1411 4632 exhilii,
1441 4568 1487 4619 ubl
1506 4568 1573 4617 baec
1589 4567 1736 4618 memorat:
1765 4565 1891 4631 „blance
1907 4565 1965 4618 lan.
1982 4563 2070 4616 vertit

107 4645 251 4698 Plutarchi
268 4644 410 4695 libellum:
437 4642 571 4705 quamodo
590 4642 718 4704 oporteat
735 4639 940 4691 adolescentem
957 4637 1054 4689 endlra
1071 4630 1217 4702 poematal
1250 4638 1279 4686 ln
1297 4638 1412 4689 latluam
1430 4638 1570 4702 linguam,
1605 4646 1675 4698 cure
1697 4636 1790 4686 autem
1813 4632 1908 4685 versia
1927 4645 2067 4697 nanque·

105 4715 212 4782 prodiit
229 4713 257 4764 lu
275 4709 414 4772 lacem.'')
432 4722 488 4761 non
506 4711 558 4762 boc
576 4711 752 4773 opusculum,
778 4707 855 4758 culus
874 4707 988 4770 vulgata
1007 4707 1153 4768 inscriptio
1171 4708 1228 4758 est:
1252 4705 1323 4772 Περὶ
1340 4705 1390 4757 σού
1406 4699 1536 4770 ἀκούειν,
1554 4715 1634 4768 quam
1648 4703 1806 4754 Melanthea
1824 4703 1853 4754 la
1871 4706 1988 4766 utraque
2006 4702 2067 4766 epl-

108 4785 187 4835 stala
203 4781 285 4834 affert
331 4782 398 4842 sad,
431 4780 739 4843 turcomannorum,
771 4777 840 4827 illud
858 4775 1034 4840 intelligunt,
1066 4775 1138 4840 quod
1162 4775 1189 4824 ln
1207 4776 1331 4826 omnibus
1349 4776 1433 4829 codd.
1451 4778 1480 4828 et
1498 4775 1583 4826 molta
1600 4772 1763 4836 inscriptum
1784 4773 1844 4823 ectr
1877 4771 1940 4830 Πῶς
1959 4767 2004 4824 δεῖ
2018 4765 2069 4821 τόν

110 4851 179 4904 νέον
195 4865 358 4920 coronarent
375 4845 507 4911 ἀκούειν,
531 4849 678 4912 Quomodo
696 4847 813 4900 invenis
827 4847 930 4912 perlat
947 4846 1111 4912 initiiloere
1127 4837 1237 4897 debeat.

70 4954 128 5017 *ἢ
147 4955 331 5022 intelligenda
351 4955 397 5005 ert
413 4951 567 5003 lanciani
585 4950 613 5001 in
632 4949 797 5002 calumniam
816 4948 924 5012 aratio,
948 4957 1030 5012 quem
1046 4959 1133 5011 supra
1149 4963 1175 5012 p.
1191 4947 1243 4999 179
1257 4961 1318 5012 sqq.
1338 4945 1470 5000 dedimus.

69 5059 149 5122 ***)
169 5059 256 5112 nulus
275 5053 478 5120 stepbaulanae
495 5051 633 5104 Editloulr
651 5051 801 5116 descriptio
819 5051 959 5102 invenitur
977 5049 1007 5101 ln
1025 5049 1179 5104 uolmanui
1198 5050 1288 5102 lexico
1305 5047 1519 5114 blbllograpluco
1537 5047 1667 5102 romili.
1686 5063 1711 5112 p.
1723 5047 1845 5114 &depr
1870 5049 1905 5099 de
1922 5049 1973 5104 ltt.
1989 5047 2071 5102 lieri·

107 5129 200 5181 leensl
217 5127 289 5180 cent.
309 5136 396 5189 supra
413 5138 438 5188 p.
454 5123 521 5174 1115
533 5135 575 5186 sq.
594 5125 622 5173 et
640 5120 797 5173 Hoffmann.
815 5121 868 5176 1.1.
886 5133 912 5185 p.
925 5119 977 5170 161
990 5132 1033 5184 sq.
1980 5125 1983 5136 ¹

66 5229 112 5300 †]
131 5231 198 5284 vid.
217 5225 431 5292 wyttenbacbll
448 5224 531 5276 ludex
548 5221 723 5289 hiltinum,
749 5221 924 5273 versionum
941 5222 993 5272 ete.
1009 5220 1029 5275 1.
1045 5220 1063 5272 l.
1084 5233 1111 5284 p.
1123 5219 1219 5274 clavi,
1238 5221 1266 5270 at
1284 5218 1405 5272 chillv.

68 5330 140 5402 ††)
161 5333 206 5386 sla
223 5332 267 5382 lrla
283 5343 386 5382 versus
406 5328 509 5394 legitur
527 5327 555 5378 ln
574 5325 715 5380 Plutarchi
733 5322 821 5376 rarlla
840 5323 964 5391 scriptis,
983 5332 1053 5386 aare
1066 5303 1185 5370 moralia
1198 5319 1283 5385 vulgo
1295 5319 1438 5370 recantat.
1473 5316 1740 5384 adamaremus.
1760 5318 1970 5385 (rpmuounlt.
1991 5321 2069 5376 1820.

110 5405 171 5462 ta.)
190 5403 264 5452 tam.
279 5401 324 5450 111.
343 5414 368 5462 p.
381 5399 442 5452 181.
479 5397 509 5448 lu
526 5395 666 5447 vincentii
683 5397 776 5446 autern
793 5395 844 5446 lid.
861 5391 1096 5456 Epigrammrtnm
1112 5387 1177 5444 ltel.
1195 5390 1231 5440 at
1241 5387 1269 5438 ln
1286 5391 1337 5442 boc
1350 5389 1433 5451 carp.
1445 5387 1567 5441 belaum.
1585 5387 1656 5440 locis
1673 5385 1748 5440 illico
1766 5387 1914 5442 alereutlls
1934 5389 1975 5441 ric
1994 5389 2069 5458 legl-

106 5477 171 5525 tnr:
201 5465 269 5520 ‘lidi
287 5463 387 5534 pirri
403 5464 429 5518 ri
448 5465 549 5535 φύρας,
572 5457 669 5533 ἀλίγον
685 5457 715 5514 d’
735 5458 805 5529 ἄχος
822 5455 887 5526 rird'
904 5459 1048 5520 ἀποοίνεης.
