4582 5798
21 171 116 252 ,1033
274 167 380 242 XLll.
431 167 832 250 tN'rERPtttl'rarto
856 165 1158 244 cannosum
1181 169 1250 238 Ex
1277 167 1572 246 THUCYDIDIS
1597 164 1747 240 LIBRO
1769 165 1795 241 1.
1958 161 2059 244 1084

19 356 146 414 vestrae
161 339 314 432 speciem
331 341 420 413 iuris
435 343 659 436 praetexitis,
686 345 786 438 quod
806 367 916 414 nemo
938 339 1007 411 sibi
1059 363 1148 410 vero
1162 340 1308 436 utrique
1324 354 1407 412 ante
1422 342 1507 412 talia
1523 355 1665 428 errata,
1692 345 1807 414 donec
1826 343 1980 412 liberum
2004 353 2058 414 est

18 449 63 516 ita
79 443 282 536 proposuit,
305 457 364 528 ut,
400 445 430 516 si
454 459 545 518 esset
568 446 728 530 occasio,
754 471 829 519 non
847 446 883 514 vi
901 444 1004 536 plura
1060 443 1189 534 eligere
1212 445 1373 537 optima,
1404 448 1614 530 suademus,
1646 472 1693 516 ne
1713 448 1859 516 foedera
1883 468 2058 537 rumpan-

19 558 210 638 occuparet.
253 545 333 639 Qua
351 547 389 616 in
405 573 443 618 re
460 561 496 619 et
510 551 616 620 laude
631 549 730 641 digni
745 575 883 632 sumus,
908 546 1006 641 quod
1059 557 1137 628 tur,
1162 571 1229 616 nec
1245 547 1401 618 violetur
1414 549 1685 633 iusiurandum,
1711 552 1774 620 sed
1790 547 2056 619 controversiae

17 650 196 722 bominum
213 673 315 720 more
331 664 506 743 occupato
525 650 700 744 imperio,
735 664 858 724 tamen
879 648 1006 720 iustius
1058 647 1199 719 iudiciis
1212 651 1429 722 dirimantur
1445 652 1542 724 iuxta
1560 666 1686 745 parta,
1713 651 1920 735 autlleum‚
1948 675 2057 746 quem

17 753 259 834 dominamur,
286 775 393 846 quam
412 776 480 845 pro
496 755 628 828 nostris
645 755 783 828 viribus
805 777 1005 847 possumus.
1055 751 1275 836 iuravimus,
1301 765 1493 840 testamur,
1525 779 1593 826 nos
1606 755 1740 826 bellum
1755 779 1775 824 a
1793 754 1894 825 vobis
1916 755 2056 824 illatum

15 858 62 927 Ac
76 879 141 926 nos
153 855 364 942 ,moderatos
379 857 487 928 fuisse
503 857 557 926 illi
581 859 789 942 ostendent,
822 855 885 951 qui
908 854 1006 926 simi·
1058 856 1331 949 propulsaturos
1347 881 1421 930 esse
1435 859 1544 929 simili
1558 861 1687 942 modo,
1715 882 1787 952 quo
1805 883 1869 929 vos
1888 857 2055 950 incipitis.

14 961 79 1029 lem
100 957 299 1050 potentiam
324 958 586 1050 adipiscentur,
629 984 849 1061 quamquam
880 969 1003 1028 nostra
1416 1031 1424 1047 ,
1610 1031 1618 1048 ‚
1741 1031 1750 1046 ,

13 1062 132 1131 lenitas
146 1084 223 1148 non
238 1073 344 1152 auget
358 1063 464 1134 nobis
477 1062 652 1154 gloriam,
684 1066 746 1134 sed
768 1065 921 1134 dedecus
945 1059 1006 1130 ad·
1291 1027 1352 1100 Οἳ
1361 1052 1380 1099 ³
1392 1042 1456 1104 ²²⁰
1483 1027 1652 1102 Aschffi
1663 1055 1683 1102 ³
1693 1056 1728 1100 ¹¹¹
1740 1056 1753 1098 ¹
1766 1029 1825 1124 n),

16 1166 89 1234 lert.
128 1161 236 1256 'Quia
255 1163 351 1234 enirn
367 1165 509 1241 iniuriis
524 1165 799 1239 affectiasociis
814 1163 1006 1237 deiecimus
1159 1162 1207 1233 Et
1222 1165 1298 1257 ipse
1314 1167 1437 1238 multis
1452 1167 1554 1238 bellis
1570 1167 1735 1250 interfui,
1763 1179 1798 1235 et
1818 1165 1939 1234 varias
1962 1163 2056 1236 vices

16 1265 272 1338 controversias
288 1268 334 1336 ad
349 1266 501 1352 iudicia,
528 1268 652 1362 aequis
667 1269 804 1362 legibus
821 1268 929 1338 etiam
948 1289 1006 1334 co·
1058 1267 1274 1359 experientia
1310 1269 1483 1361 cognovi,
1525 1282 1562 1339 et
1590 1271 1664 1340 scio
1700 1269 1881 1338 neminem
1916 1291 2055 1352 eorum,

15 1393 87 1438 ram
107 1369 232 1442 vobis:
276 1381 397 1440 tamen
422 1371 524 1442 vobis
545 1371 700 1443 dicimur
722 1372 852 1458 rixosi,
889 1391 1005 1462 neque
1058 1393 1212 1463 quorum
1228 1371 1355 1442 similis
1371 1385 1423 1443 est
1438 1384 1547 1456 aetas,
1570 1385 1720 1464 propter
1736 1371 1953 1464 imperitiam
1971 1393 2056 1440 con-

13 1471 198 1566 quisquam
229 1471 431 1544 considerat
463 1474 574 1558 alios,
611 1473 675 1567 qui
697 1487 819 1546 teuent
842 1472 1006 1566 imperia,
1058 1473 1239 1566 cupiscere
1254 1475 1401 1560 bellum,
1426 1488 1467 1545 ut
1482 1475 1620 1547 iaciunt
1635 1475 1796 1567 plurimi,
1823 1475 1920 1568 quod
1938 1472 2056 1544 existi·

14 1598 161 1668 quorum
180 1586 220 1644 ut
236 1575 387 1669 quisque
402 1576 551 1646 minime
565 1576 656 1648 lenis
674 1590 745 1662 est,
781 1578 830 1646 ita
856 1575 1005 1646 minime
1057 1588 1132 1646 met
1143 1578 1279 1646 bonum
1296 1590 1359 1646 aut
1373 1589 1489 1648 tutum
1507 1601 1591 1648 esse.
1642 1575 1834 1647 Invenietis
1850 1587 1970 1646 autem
1985 1571 2056 1644 boc

12 1678 244 1768 vituperatur.
288 1678 362 1772 Qui
377 1679 473 1750 enim
489 1679 526 1747 vi
540 1679 702 1750 obtinere
718 1692 881 1772 possunt,
908 1678 1005 1772 quod
1057 1679 1210 1762 bellum,
1236 1683 1368 1776 dequo
1386 1704 1482 1752 nuuc
1505 1679 1730 1764 deliberetis,
1764 1703 1840 1748 non
1862 1666 2054 1748 minimum

12 1779 153 1864 volunt,
175 1803 250 1850 non
272 1794 403 1872 putant
423 1782 565 1854 iudiciis
585 1786 796 1854 certandum
823 1806 908 1854 esse.
958 1779 1007 1850 At
1056 1784 1153 1867 fore,
1179 1781 1209 1853 si
1224 1785 1305 1877 quis
1319 1787 1516 1875 prudenter
1537 1784 1749 1854 consideret.
1809 1782 1903 1853 Nam
1928 1783 2055 1850 adver·

10 1882 232 1953 sociinostri
256 1880 625 1970 schoenemann,
659 1899 699 1956 ut
724 1885 848 1981 aequis
868 1883 1005 1976 legibus
1056 1909 1116 1956 sus
1133 1885 1269 1957 vicinos
1286 1886 1382 1957 intra
1399 1886 1689 1980 Peloponnesum
1707 1886 1800 1957 vires
1822 1897 1969 1955 nostrae
1991 1905 2055 1975 pa-

7 1985 192 2057 nobiscum
212 1984 357 2073 vivant,
380 1988 410 2060 si
431 2013 501 2083 qua
527 1988 566 2058 iu
589 2011 629 2058 re
650 1989 843 2060 laeduntur
861 1999 1005 2080 praeter
1055 2011 1113 2060 res
1128 2001 1229 2074 sunt,
1256 2002 1293 2059 et
1308 1991 1378 2060 cito
1395 1993 1441 2059 ad
1458 1985 1579 2062 bostes
1601 1993 1787 2074 accedere,
1821 2000 1856 2057 et
1876 2011 1944 2056 nos
1966 1985 2057 2057 reci-

9 2111 105 2159 suam
141 2088 375 2181 opinionem,
420 2115 495 2162 nou
523 2087 660 2162 babent
689 2092 863 2183 gratiam,
906 2089 1005 2184 quod
1056 2115 1143 2184 pere
1157 2116 1358 2184 possumus.
1400 2093 1469 2164 Sed
1487 2105 1609 2163 eontra
1627 2089 1759 2176 hostes,
1787 2113 1941 2186 quorum
1959 2102 2056 2160 terra

7 2191 107 2282 plura
130 2215 208 2260 non
231 2193 436 2279 amiserint,
461 2196 523 2266 sed
543 2195 656 2286 magis
675 2207 825 2288 propter
848 2215 928 2262 eam
953 2193 1005 2262 oi·
1056 2194 1199 2286 longius
1215 2195 1343 2280 distat,
1371 2196 1485 2290 etqui
1502 2194 1784 2268 exercitatissimi
1803 2205 1887 2264 sunt
1904 2193 1943 2260 in
1962 2191 2057 2262 mari

7 2294 204 2364 sensionem
221 2294 477 2388 indignantur,
510 2321 619 2392 quam
638 2300 668 2370 si
684 2298 789 2369 initio
807 2297 932 2368 deletis
956 2295 1005 2364 le·
1055 2310 1093 2368 et
1110 2298 1188 2369 aliis
1205 2300 1311 2370 rebus
1336 2300 1522 2383 omnibus,
1555 2299 1691 2390 optime
1714 2295 1878 2368 instructi
1902 2294 2055 2387 pecunia

7 2396 104 2515 gibus
128 2421 279 2489 prorsus
301 2399 341 2468 in
358 2399 566 2472 servitutem
591 2402 727 2473 redacti
748 2413 883 2482 essent;
919 2411 1005 2470 tunc
1056 2401 1201 2494 publica
1219 2416 1254 2472 et
1272 2401 1434 2495 privata,
1460 2401 1632 2486 navibus,
1660 2401 1779 2496 equis,
1806 2399 1937 2481 armis,
1962 2397 2055 2468 mul

7 2501 98 2570 enim
119 2502 366 2572 contradicere
383 2503 462 2576 arisi
477 2527 553 2574 non
569 2505 729 2576 luissent.
768 2504 894 2576 Sciunt
908 2501 1003 2572 enim
1056 2504 1228 2590 titudine,
1253 2518 1386 2600 quanta
1403 2505 1536 2574 nullius
1561 2505 1661 2575 urbis
1682 2516 1735 2574 est
1760 2503 1797 2570 in
1813 2501 1986 2584 Graecia,
2020 2512 2056 2569 et

7 2603 88 2674 victi
103 2604 242 2679 iustum
258 2629 332 2678 esse
349 2609 473 2678 cedere
487 2607 703 2692 victoribus,
735 2631 776 2678 ac
799 2607 913 2699 magis
934 2605 1004 2674 ira·
1057 2608 1120 2702 qui
1136 2608 1252 2704 socios
1266 2609 1399 2678 multos
1415 2603 1548 2678 babent
1569 2606 1799 2689 tributarios,
1830 2627 1907 2673 nou
1928 2616 1983 2674 est
2003 2603 2056 2672 la·
2125 2685 2128 2690 ¹

7 2720 154 2778 scuutur
181 2703 367 2794 homines,
406 2735 485 2782 cnm
516 2709 647 2800 iniuria
680 2710 852 2794 insertur,
894 2733 1003 2804 quam
1057 2711 1123 2780 cile
1139 2735 1262 2803 gerere
1274 2710 1422 2782 bellum
1473 2710 1556 2804 Qua
1574 2711 1669 2780 enim
1685 2733 1725 2778 re
1739 2708 1821 2779 freti
1838 2731 1920 2778 eum
1942 2707 2056 2778 simus

7 2833 83 2880 cum
99 2837 138 2880 vr
127 2811 367 2883 Quomantur
426 2813 519 2884 Nam
546 2838 626 2884 cum
652 2812 820 2908 aequales
845 2813 1005 2884 inierunt
1055 2814 1245 2907 imparati,
1283 2839 1473 2908 possumus
1495 2837 1557 2884 eos
1577 2813 1768 2896 invadere,
1808 2834 1895 2880 num
1921 2807 2054 2879 classe?

7 2911 197 2998 iniuriam,
232 2915 400 2986 videntur
425 2911 623 2986 bomines'
612 2942 667 2989 rus
691 2915 917 3008 repugnandi
940 2909 1003 2984 ba·
1055 2917 1104 2988 At
1118 2919 1223 3010 longe
1238 2917 1426 2988 inferiores
1445 2941 1579 2988 sumus.
1638 2915 1738 2987 Ac
1709 2939 1741 2986 ιι
1760 2914 1938 2984 instruere
1961 2935 2055 2996 eam,

7 3017 102 3102 bere,
131 3012 343 3088 violentiam
364 3042 451 3090 vero
469 3019 713 3112 potentiorum
736 3018 937 3090 necessario
954 3019 1004 3086 fe·
1057 3034 1093 3090 et
1108 3045 1174 3092 nos
1191 3044 1354 3092 exercere
1369 3019 1540 3103 uelimus,
1567 3021 1673 3110 longa
1696 3041 1799 3087 mora
1825 3016 1903 3086 erit.
1955 3014 2054 3086 Num

7 3124 155 3192 rendam
172 3143 246 3190 esse
264 3119 391 3190 sciunt.
1056 3122 1234 3217 pecnnia?
1276 3123 1380 3193 Hanc
1394 3147 1480 3193 vero
1498 3147 1564 3192 nec
1581 3122 1721 3214 publice
1735 3118 1931 3213 repositam
1946 3113 2056 3188 habe·

101 3223 198 3294 Cum
222 3221 331 3313 igitur
353 3223 466 3294 multo
496 3223 679 3294 duriorem
702 3221 910 3294 seruitutem
938 3218 1004 3290 sub
1056 3253 1154 3312 mus,
1179 3250 1246 3295 nec
1261 3238 1430 3319 prompte
1454 3250 1496 3295 ex
1518 3224 1661 3317 privato
1682 3223 1915 3294 conserimus·
1965 3219 2056 3290 For·

7 3326 119 3400 Persis
142 3324 355 3409 tolerarint,
384 3351 480 3396 nunc
502 3340 666 3397 nostrum
692 3324 886 3419 imperitun
907 3321 1005 3393 vide·
1056 3343 1148 3402 tasse
1166 3341 1285 3398 autem
1302 3330 1459 3400 confidat
1474 3328 1626 3448 aliquis,
1656 3329 1754 3422 quod
1781 3351 1842 3397 eos
1866 3325 2057 3395 antecella-

7 3443 57 3501 lur
73 3433 127 3502 eis
147 3429 281 3498 durum
297 3451 391 3513 esse,
418 3429 501 3524 quia
522 3453 664 3524 semper
680 3428 731 3499 ila
754 3429 918 3500 iudicant
939 3421 1005 3496 ho·
1056 3457 1136 3504 mus
1152 3431 1263 3505 armis
1278 3445 1314 3502 et
1330 3431 1579 3515 multitudine,
1615 3430 1766 3522 ingressi
1788 3430 1827 3496 in
1852 3453 1977 3498 eorum
1999 3449 2055 3496 rc·

7 3535 139 3616 mines,
166 3553 335 3624 praesens
350 3531 540 3623 imperium
556 3557 665 3626 grave
681 3557 767 3605 esse.
821 3531 943 3624 Quare
970 3541 1006 3598 et
1057 3536 1199 3627 gionem
1215 3547 1359 3605 vastare
1376 3558 1455 3603 eam
1473 3535 1662 3624 possimus.
1713 3531 1761 3602 Hi
1780 3554 1867 3600 vero
1890 3543 1926 3599 et
1946 3527 2055 3598 aliam

7 3663 82 3722 ros,
111 3635 144 3706 si
161 3657 284 3704 eversa
308 3633 471 3726 potentia
495 3648 617 3706 nostra
641 3635 824 3704 dominari
847 3631 1004 3721 coeperi·
1057 3651 1189 3707 terram
1204 3632 1358 3718 babent,
1382 3637 1440 3705 cui
1455 3637 1655 3728 imperant,
1678 3645 1714 3702 et
1729 3657 1771 3704 ex
1789 3631 1883 3702 mari
1897 3653 2057 3702 nemesa-

7 3739 62 3824 is,
90 3739 167 3808 cito
183 3735 492 3821 benevolentiam,
519 3761 627 3833 quam
648 3762 746 3808 nunc
768 3746 867 3806 metu
889 3731 1005 3803 nostri
1056 3739 1108 3809 ria
1140 3740 1339 3832 importare
1367 3750 1550 3830 poterunt,
1616 3737 1656 3807 si
1678 3759 1764 3806 vero
1789 3735 1904 3808 socios
1927 3736 1973 3804 ad
1994 3735 2056 3804 de.

7 3842 163 3926 nabetis,
199 3839 367 3914 amissuri
390 3839 493 3925 estis,
526 3841 556 3913 si
576 3840 722 3935 quidem
745 3841 873 3910 eodem
893 3837 1004 3907 modo
1055 3841 1245 3912 fertionem
1275 3840 1567 3925 sollicitabimus,
1599 3839 1759 3929 ,navibus
1789 3839 1973 3932 oportebit
2003 3837 2055 3908 eis

7 3947 133 4038 agetis,
178 3941 270 4019 sicut
289 3956 415 4027 antee,
454 3967 533 4015 cum
557 3956 639 4036 post
661 3943 794 4014 bellum
818 3939 1004 4034 Persicum
1058 3969 1164 4039 opem
1186 3947 1302 4030 serre,
1340 3969 1420 4014 cum
1441 3943 1575 4016 sintin
1598 3943 1735 4016 insulis.
1799 3942 1916 4036 Quale
1945 3938 2081 4032 igitur·

7 4046 116 4123 tdbue
134 4045 321 4124 sociorum
338 4049 445 4120 duces
460 4049 602 4132 essetis,
629 4047 712 4141 quia
737 4045 830 4136 leges
854 4039 1005 4127 habetis,
1056 4062 1219 4120 nostrum
1236 4047 1368 4120 bellum
1387 4047 1472 4131 erit,
1505 4047 1534 4119 si
1546 4071 1618 4116 nec
1633 4047 1787 4117 navibus
1802 4045 1935 4116 erimus
1951 4067 2056 4136 supe·

7 4179 92 4247 prae
110 4174 195 4224 non
208 4163 416 4242 congruunt
431 4173 510 4220 cum
537 4150 691 4220 aliarum
712 4148 873 4242 gentium
894 4145 1006 4218 mori·
1057 4153 1190 4238 riores,
1216 4175 1281 4222 nee
1297 4150 1482 4242 vectigalia
1505 4151 1556 4220 eis
1576 4149 1798 4233 adimemus,
1831 4149 1927 4219 unde
1953 4158 2056 4216 tuen·

7 4281 81 4342 ³¹¹⁵,
109 4270 148 4326 θῑ
165 4255 276 4326 dum
292 4253 401 4324 Vestri
419 4253 520 4326 fflssssi
540 4253 684 4347 aliqum
716 4275 783 4325 Ποῦ
804 4249 932 4322 vestris
955 4250 1007 4320 le·
1057 4268 1117 4328 tur
1132 4254 1303 4326 classem?
1355 4253 1431 4326 Nos
1451 4253 1650 4324 maioribus
1675 4250 1899 4323 detrimentis
1923 4247 2055 4318 afficie-

7 4359 120 4449 ribus,
147 4381 227 4430 ¹nec
249 4356 406 4431 eliorum
426 4357 648 4429 Graecorum
671 4355 843 4426 institutis
868 4353 1006 4426 vivunt.
1058 4384 1159 4442 mur,
1186 4383 1226 4429 ac
1241 4358 1378 4427 interea
1395 4380 1472 4426 non
1488 4357 1558 4426 erit
1581 4359 1751 4427 decorum
1775 4357 1955 4448 deponere
1979 4351 2055 4421 bel·

7 4461 202 4556 Dirigitur
219 4459 413 4534 deliberate
436 4472 609 4554 tanquam
628 4460 678 4530 de
703 4459 810 4530 rebus
835 4483 912 4528 non
935 4457 1007 4528 exi·
1057 4463 1151 4545 lum,
1183 4461 1395 4556 praesertim
1419 4461 1451 4531 si
1475 4459 1680 4530 videbimur
1706 4459 1878 4530 intulisse.
1929 4455 2055 4550 Neque

7 4567 95 4658 guis,
125 4563 341 4639 necatieais
363 4562 521 4636 consiliis
543 4573 582 4632 et
606 4561 918 4634 criminationibus
939 4559 1006 4630 irn-
1057 4560 1200 4655 bacspe
1223 4564 1437 4648 incitemur,
1470 4565 1569 4658 qnod
1593 4563 1695 4634 brevi
1712 4575 1880 4657 tempore
1902 4559 2057 4630 debella-

7 4671 111 4756 tulsi,
140 4666 342 4740 domestico
359 4690 422 4740 vos
439 4665 598 4757 periculo
620 4665 831 4757 implicetis,
865 4678 1004 4738 etcum
1057 4667 1276 4752 turi-simus,
1302 4671 1333 4739 si
1347 4690 1453 4760 agros
1473 4667 1746 4738 vastaverimus.
1803 4663 1882 4757 Ego
1908 4663 2055 4759 quidem

7 4773 66 4845 int
93 4769 240 4846 incerti
248 4770 368 4844 exitus
387 4769 493 4854 belli,
519 4769 619 4862 prius
642 4768 887 4852 considerate,
918 4765 1006 4862 quid
1056 4769 1171 4861 magis
1194 4783 1338 4856 metuo,
1378 4793 1447 4841 uos
1473 4769 1596 4842 liberis
1618 4769 1752 4840 nostris
1773 4769 1960 4839 relicturos
1982 4787 2055 4836 esse

7 4879 186 4970 agendum
201 4873 267 4959 sit,
290 4897 401 4968 quam
425 4873 560 4946 bellum
581 4871 734 4946 insertis
792 4871 887 4978 Nem
909 4881 1005 4963 post·
1056 4875 1209 4959 bellum,
1244 4897 1286 4944 ac
1307 4883 1587 4945 consentaneum
1610 4886 1684 4958 est,
1719 4884 1857 4943 tantam
1884 4893 1958 4941 esse
1979 4889 2056 4936 ma-

7 5007 107 5074 quam
122 4979 361 5062 illaturum,
387 4975 606 5049 diuturnitas
629 4977 736 5048 efficit
759 4971 887 5046 varias
899 4973 1005 5056 vices,
1057 4977 1281 5070 gnitudinem
1308 4977 1513 5048 animorum
1540 4977 1580 5046 in
1598 4973 1895 5056 Atheniensibus,
1927 4982 1968 5040 nt
1989 4989 2056 5036 nec

7 5085 171 5178 tquibus
188 5079 324 5153 vicibus
343 5075 466 5152 adbuc
480 5080 611 5174 utique
633 5081 822 5163 absumus,
857 5090 892 5148 et
911 5099 1005 5147 non-
1056 5094 1207 5174 propter
1229 5093 1389 5153 vastatos
1410 5103 1515 5173 agros
1538 5082 1746 5152 servitutem
1769 5072 1948 5168 accepturi
1971 5069 2056 5153 siffis

7 5187 83 5256 lum
96 5182 357 5304 prospicimus
355 5181 506 5255 exitum.
558 5179 754 5256 inserentes
767 5205 854 5252 vero
869 5181 1005 5252 bellurn
1055 5207 1173 5278 neque
1186 5185 1437 5276 perterrebant
1452 5183 1537 5254 belli
1552 5199 1652 5257 metu
1667 5197 1841 5279 tanquam
1855 5171 2022 5268 impetiti.

7 5301 79 5359 mle
97 5285 258 5370 iudicia,
284 5312 321 5355 vr
336 5311 411 5355 rem
428 5297 556 5377 agunt,
588 5299 710 5378 postea
728 5283 880 5378 acceptis
896 5282 1005 5358 detri-
1054 5342 1262 5360 ...........

7 5394 130 5465 nentis
157 5403 337 5486 quaerunt
365 5387 624 5460 transactiones
654 5401 688 5458 et
717 5387 864 5463 iudicia.
929 5387 1004 5469 Nos
1091 5421 1141 5482 ῃ)
1160 5419 1284 5485 ‚mys
1299 5417 1325 5480 1,
1346 5419 1464 5471 ιιι-αι
1528 5423 1534 5434 ·
