4548 5788
210 206 310 317 'goe
822 193 1698 281 ments-emmeramme
1867 155 1888 188 ⁵
2165 209 2215 290 ur

233 389 346 460 lectus
361 381 554 456 reficiendo
572 401 698 460 muro,
723 375 786 448 sed
801 377 846 446 de
867 399 933 449 suo
957 397 1128 467 magnam
1148 398 1233 468 ope·
1285 374 1395 444 modo
1412 372 1472 444 isti
1485 375 1646 466 proliteri
1662 377 1827 456 debeant.
1865 373 1967 448 lohet
1983 375 2072 447 anim
2086 379 2219 469 penam,

234 490 439 582 ”5⁸1³artem
459 483 681 554 aedlfifflfflffl
697 504 793 563 ²⁵⁸²,
815 501 925 574 teque
947 489 1091 550 centum
1116 476 1233 550 minas
1284 478 1383 570 quod
1401 472 1492 546 nihil
1506 479 1706 571 receperint
1725 492 1789 550 aut
1808 479 2040 572 expenderint
2058 481 2220 574 reipublicae

235 596 388 666 donasse
404 585 552 658 civitati.
605 582 703 676 Quid
720 580 828 674 igitur
841 580 976 652 attinet
998 579 1156 650 rationes
1177 603 1233 649 re·
1284 578 1443 652 nomine.
1505 577 1671 676 Denique
1693 583 1785 652 nulli
1807 596 1892 654 sunt
1918 581 2090 666 omnium,
2117 585 2166 678 qui
2183 587 2221 654 at

234 689 347 776 terre,
371 691 441 762 nisi
456 691 552 760 dona
570 687 679 756 etiam
696 686 741 755 ad
758 683 931 754 calculum
949 685 1110 753 vocanda
1125 679 1233 754 sunt?
1283 680 1491 751 ministrant
1507 685 1651 776 negotia
1667 684 1840 770 civitatis,
1865 685 1930 780 qui
1943 709 2016 756 non
2029 699 2175 776 cogantur
2187 711 2222 756 ra

235 798 291 870 Au
321 790 418 866 hunc
444 800 668 886 praetextum
701 785 821 856 erudite
844 811 902 858 me
925 809 1059 880 quaeso
1082 786 1174 856 iusta
1198 795 1235 854 et
1285 783 1420 854 tionem
1453 788 1681 876 negotiorum
1713 800 1894 880 gestorum
1927 789 2084 861 reddere,
2139 787 2222 860 [legg

234 898 336 974 osilia
355 898 544 968 dicentem.
585 887 626 960 ln
641 886 708 960 har
723 901 798 960 tam
813 888 926 958 veteri
942 900 978 958 et
995 911 1125 979 magna
1142 887 1232 956 urbe
1284 886 1390 978 leges.

235 1025 344 1074 nemo
376 1021 451 1070 non
486 1007 538 1068 est
579 990 756 1064 obnoxius
793 988 990 1062 referendis
1031 987 1232 1062 rationibus
1387 987 1545 1082 Quando
1561 987 1671 1080 igitur
1684 989 1838 1062 maxime
1854 977 2000 1064 iactabit
2018 1018 2053 1064 ,ρ
2067 989 2225 1064 Demoph,

236 1103 420 1186 omnium,
459 1097 523 1195 qui
546 1099 591 1166 ad
614 1091 872 1186 rempublicam
899 1094 1091 1176 accedunt,
1124 1091 1232 1185 idque
1284 1113 1366 1175 nes,
1401 1093 1499 1185 quod
1525 1092 1622 1163 dona
1645 1116 1722 1162 nou
1744 1092 1819 1164 sint
1846 1095 1894 1164 ad
1925 1097 2076 1168 calculos
2101 1097 2226 1178 rotanda,

235 1207 422 1282 ostendam
440 1202 599 1295 primum
614 1198 659 1268 de
676 1194 744 1280 his,
770 1197 814 1266 de
830 1196 959 1291 quibus
971 1195 1119 1266 minime
1135 1195 1232 1264 vide·
1283 1188 1353 1263 hoc
1380 1193 1541 1264 obiicite:
1581 1193 1695 1289 Atqui
1720 1197 1913 1288 oportebat
1935 1210 1970 1269 te
1994 1197 2105 1270 sinere
2125 1223 2227 1292 praeto

234 1313 354 1384 batur.
405 1305 543 1378 Omnes
560 1301 656 1372 enim
670 1301 891 1382 sacerdotes,
924 1323 1040 1369 mares
1065 1321 1106 1368 ac
1128 1294 1232 1367 lemi-
1283 1293 1385 1366 nium
1410 1293 1500 1366 illud
1521 1296 1679 1388 petrium
1703 1321 1744 1366 ae
1767 1298 1967 1390 legitimum
1996 1303 2092 1394 apud
2115 1303 2226 1370 ratim

234 1405 300 1486 nas
313 1411 414 1484 iubet
426 1409 484 1478 lex
498 1404 675 1476 rationem
690 1404 840 1473 reddere
860 1413 935 1471 tum
952 1401 1139 1473 universos
1154 1412 1233 1470 tum
1283 1398 1333 1469 les
1348 1397 1438 1469 lieri.
1481 1398 1571 1493 Quis
1584 1400 1661 1470 vult
1676 1401 1866 1472 aremare?
1892 1403 2079 1488 Permitte,
2102 1415 2253 1474 uttecuo:

234 1515 395 1608 singulos
408 1508 565 1592 viritim,
592 1504 655 1602 qui
669 1505 848 1597 recipiunt
863 1504 1036 1586 donaria,
1069 1515 1104 1573 et
1124 1501 1233 1574 sacri-
1284 1500 1447 1596 quisquis
1461 1501 1549 1572 velit
1563 1501 1695 1572 civium
1709 1502 1900 1596 disceptet,
1931 1509 2032 1606 quod
2052 1503 2137 1576 nihil
2156 1509 2227 1576 dm
2252 1563 2253 1566 ,

234 1620 344 1690 licant
358 1639 424 1709 pro
439 1611 555 1683 nobis.
613 1609 739 1703 Neque
761 1606 878 1679 solum
900 1609 944 1678 de
966 1604 1136 1698 singulis,
1169 1605 1233 1676 sed
1284 1603 1377 1674 veris
1397 1602 1635 1697 reipublicae,
1660 1607 1722 1676 sed
1746 1630 1792 1677 ne
1814 1620 1955 1680 tantum
1982 1609 2123 1705 quidem
2143 1633 2228 1702 esper-

235 1723 344 1795 etiam
386 1719 430 1788 de
464 1711 689 1786 sacerdotum
721 1709 881 1802 collegiis
914 1709 964 1778 ita
998 1706 1232 1779 constitutum
1283 1704 1398 1789 deris,
1425 1719 1601 1799 quantum
1619 1730 1661 1777 ex
1685 1709 1826 1780 aerario
1850 1711 2039 1806 accepisti,
2069 1737 2179 1804 nempe
2193 1714 2229 1780 de

235 1837 298 1916 est.
349 1821 540 1892 Praeterea
560 1814 657 1906 leges
680 1812 907 1906 praecipiunt
931 1809 1119 1904 praelectis
1145 1809 1233 1880 clas·
1284 1831 1360 1878 cem
1390 1809 1536 1880 talenta.
1604 1808 1659 1882 Ne
1690 1806 1787 1882 hunc
1818 1807 1996 1886 honorem
2020 1839 2162 1886 coronae
2179 1827 2228 1882 sote

234 1927 327 2000 sium
350 1924 484 1995 referre
507 1915 686 1999 rationes,
727 1912 871 1986 tametsi
890 1937 966 1984 non
990 1916 1232 2004 tracteutipu-
1284 1923 1425 2004 tempus
1438 1911 1579 2004 rapias,
1605 1935 1672 1982 ner
1685 1927 1858 2008 extorque
1875 1917 2055 1991 iudicibus
2070 1919 2228 1988 calculos&

234 2030 365 2101 blicam
401 2020 620 2118 pecuniam,
672 2040 738 2088 nec
771 2016 970 2110 glorientur
997 2039 1034 2086 se
1067 2013 1231 2107 exiguam
1283 2013 1471 2097 manibus,
1504 2037 1570 2085 ner
1587 2015 1725 2106 praeite
1741 2017 1899 2108 legibue,
1931 2024 1996 2094 ,ed
2017 2045 2155 2116 „qum
2173 2020 2229 2109 ¹²8ss

235 2129 425 2231 pecuniam
455 2123 593 2218 patriae
615 2122 772 2202 donare,
811 2130 852 2190 ut
876 2117 935 2192 isti
956 2117 1113 2201 iaciunt,
1157 2115 1233 2212 qui,
1284 2116 1322 2184 in
1337 2115 1649 2187 administratione
1663 2118 1895 2213 reipublicae.
1947 2123 2254 2216 Hocenimadstep

234 2260 317 2308 cum
337 2225 537 2324 expublico
551 2223 661 2296 hirati
677 2222 767 2306 sint,
801 2247 842 2293 ac
857 2233 972 2294 vestra
991 2220 1093 2292 vobis
1110 2217 1231 2314 aliqua
1282 2217 1480 2288 biliendam
1504 2219 1706 2292 libertatem
1730 2225 1911 2297 conducit.
1977 2228 2096 2323 Atque
2115 2223 2184 2296 haec
2198 2217 2254 2292 rel

236 2363 279 2410 ex
309 2346 411 2430 parte
440 2330 613 2412 reddant,
649 2325 858 2418 praedicant
880 2349 916 2396 se
939 2323 1041 2396 vobis
1061 2345 1232 2413 magnam
1283 2321 1469 2414 spondisse
1482 2321 1635 2393 sufficiat
1646 2326 1692 2394 ad
1706 2325 1917 2420 praecipuae
1932 2327 2037 2402 istim
2050 2329 2217 2400 calumnia,
2253 2321 2254 2390 ἶ

237 2441 309 2510 vim
331 2436 411 2508 auri
425 2433 589 2506 donasse.
639 2426 775 2499 Verum
790 2427 961 2521 praelecti
979 2423 1145 2498 classium
1168 2447 1232 2516 pa·
1386 2423 1497 2518 Quod
1515 2436 1636 2496 autem
1652 2438 1738 2498 tunc
1762 2430 1928 2501 debuerit
1952 2432 2113 2505 rationes
2131 2433 2231 2508 relene,

236 2538 408 2614 trimonia
421 2561 486 2609 sua
503 2533 541 2606 in
557 2530 817 2624 rempublicam
832 2526 983 2602 honoris
999 2551 1104 2600 causa
1122 2527 1232 2596 collo·
1283 2549 1365 2597 eum
1383 2544 1516 2598 corona
1533 2527 1566 2597 ei
1581 2529 1722 2600 decreta
1745 2543 1818 2616 est,
1851 2533 1890 2604 id
1912 2558 1956 2604 ex
1979 2536 2128 2628 publicis
2147 2531 2231 2602 lineri

236 2656 330 2716 cant.
361 2642 487 2734 Neque
501 2647 643 2708 tantum
659 2633 823 2704 classium
838 2631 1021 2726 preelecti,
1046 2631 1107 2704 sed
1122 2627 1231 2700 etiam
1284 2631 1484 2703 ostendam.
1535 2629 1629 2702 Nam
1645 2634 1807 2705 rumsub
1823 2635 1861 2705 id
1886 2649 2031 2731 tempus
2051 2639 2169 2710 multoe
2186 2659 2231 2704 oa

234 2768 376 2821 summa
391 2739 540 2814 consilia
555 2736 595 2808 in
611 2737 700 2808 urhe
716 2735 836 2808 subire
853 2735 1026 2807 iudicium
1043 2743 1231 2826 coguntur.
1283 2729 1452 2822 gistratus
1467 2731 1575 2804 simul
1589 2735 1757 2825 gesserit,
1784 2737 1852 2808 luit
1874 2741 1973 2810 enim
1995 2753 2033 2812 et
2055 2753 2182 2813 curator
2197 2761 2232 2830 pe

234 2849 336 2924 lubet
350 2845 446 2920 enim
459 2844 517 2916 lex
531 2852 695 2916 senatum
711 2839 750 2910 in
762 2837 955 2933 Areopago
972 2834 1116 2910 inscribi
1135 2835 1232 2928 apud
1284 2833 1410 2906 cuniae
1427 2829 1632 2923 theatralis,
1657 2850 1694 2910 et
1715 2841 1915 2932 praelectus
1935 2843 2052 2917 muris
2071 2841 2232 2918 reficiendis

234 2950 442 3035 rationales,
468 2959 504 3018 et
519 2945 698 3016 rationem
711 2941 941 3036 negotiorum
954 2953 1137 3034 gestorum
1151 2938 1232 3007 red·
1284 2937 1328 3006 de
1358 2937 1458 3009 nullo
1490 2961 1618 3010 eorum
1647 2941 1922 3036 magistratuum
1956 2948 2116 3020 rationes
2141 2943 2233 3018 rudit

102 3059 115 3066 ”
235 3058 319 3130 dere
339 3079 399 3127 eos
419 3052 536 3146 ipsos,
569 3045 699 3144 quibus
723 3045 855 3118 iudicia
878 3043 1085 3138 capitalium
1108 3064 1231 3112 rerum
1284 3037 1429 3125 Recita,
1453 3065 1527 3138 quo
1552 3056 1738 3134 praetore,
1774 3072 1847 3141 quo
1871 3073 2016 3136 mense,
2045 3051 2084 3120 in
2103 3075 2165 3146 qua
2182 3069 2255 3142 coo,

236 3157 426 3235 commissa
443 3165 539 3225 sunt.
589 3149 706 3222 Nemo
722 3149 832 3242 igitur
848 3160 1105 3220 coronatores
1119 3146 1233 3215 Areo-
1284 3141 1387 3214 cione
1403 3142 1534 3216 electus
1547 3144 1594 3216 sit
1608 3148 1654 3216 ad
1668 3152 1890 3222 nectendam
1914 3155 2105 3244 pecuniam
2123 3150 2234 3224 theatra

237 3285 353 3356 pago,
377 3279 444 3326 nee
459 3279 538 3326 mos
553 3263 624 3334 est,
656 3250 867 3346 priusquam
884 3248 1057 3322 iudicium
1071 3245 1233 3318 subierit.
1283 3245 1367 3318 lem.
1417 3241 1625 3338 Intelliget'u
1641 3250 1758 3336 enim,
1785 3251 1823 3323 in
1838 3255 1959 3326 medio
1982 3255 2047 3328 illo
2071 3258 2234 3348 magicum

236 3363 285 3436 Et
299 3380 520 3458 quamquem
538 3352 701 3424 ambiant
715 3375 888 3436 coronas,
921 3364 1042 3422 tamen
1066 3373 1141 3419 non
1166 3371 1233 3440 pu·
1284 3370 1457 3420 coronam
1475 3349 1655 3422 decretam
1670 3377 1756 3426 esse.
1795 3355 1979 3430 Numerus
1995 3360 2143 3432 dierum.
2170 3357 2234 3429 Nor

171 3549 174 3556 ,
237 3477 317 3539 tant
333 3460 420 3536 satis
433 3483 507 3531 esse
524 3449 616 3528 nihil
631 3477 813 3549 peccasse,
849 3454 911 3526 sed
927 3454 1054 3524 volunt
1071 3450 1106 3521 id
1123 3449 1233 3519 etiam
1283 3473 1330 3520 ne
1348 3449 1439 3521 iuste
1458 3451 1692 3526 damnaretur
1708 3454 1898 3551 Ctesipho,
1933 3461 2076 3535 etiamsi
2097 3474 2235 3556 praetera

236 3568 462 3664 exploratum
487 3585 528 3631 ac
549 3570 677 3630 notum
701 3583 775 3629 esse
800 3557 979 3628 omnibus.
1031 3551 1116 3626 ldeo
1133 3563 1233 3622 ante·
1285 3547 1376 3624 nihil
1390 3555 1642 3627 ostenderem?
1668 3581 1743 3632 non
1760 3561 1856 3631 enim
1873 3587 1954 3634 mea
1982 3567 2085 3638 illum
2103 3560 2235 3636 actuale

238 3665 347 3771 queam
370 3663 576 3738 decernitur
598 3685 753 3745 corona,
790 3662 880 3731 dant
900 3656 1093 3743 iudicium,
1127 3679 1169 3725 ar
1190 3654 1235 3739 si,
1284 3655 1485 3742 convincit,
1524 3661 1588 3729 sed
1612 3661 1777 3752 publicae
1799 3665 1953 3740 litterae.
2020 3669 2117 3742 Olim
2137 3663 2236 3760 publice

237 3775 335 3873 quod
356 3781 540 3865 peccatum
566 3759 861 3856 deprehendunt,
892 3761 1058 3856 puniunt.
1114 3757 1234 3831 Vestri
1283 3757 1399 3829 scriba
1415 3759 1498 3852 eligi
1512 3762 1670 3848 solebat,
1698 3765 1763 3859 qui
1776 3767 1925 3862 singulis
1940 3771 2123 3844 mensibus
2137 3765 2237 3842 exhibe

108 3867 111 3876 ’
241 3901 328 3948 vero
344 3869 507 3943 rhetores
522 3865 747 3939 deliciantur.
1283 3862 1347 3933 bat
1372 3864 1510 3957 populo
1538 3866 1697 3939 rationes
1718 3871 1927 3944 reddituum
1949 3875 2167 3966 publicorum
2185 3868 2236 3942 suh

342 3975 492 4068 Cogitur
504 3984 539 4041 et
558 3970 648 4040 alter
664 3979 810 4042 senatus
824 3991 968 4038 causam
983 3965 1102 4036 dicere
1124 3987 1232 4056 nego·
1284 3967 1420 4038 ductas.
1468 3964 1621 4055 Postea,
1646 3995 1727 4040 cum
1744 3971 1888 4046 Eubulo
1903 3991 2057 4069 propter
2078 3981 2171 4050 iidem
2189 3971 2237 4041 eiu

237 4070 372 4154 tiorum
391 4088 593 4171 gestorum,
619 4083 654 4142 et
667 4069 850 4163 legislator
865 4071 956 4140 adeo
972 4067 1102 4139 diffidit
1117 4064 1233 4135 omni·
1284 4067 1544 4160 permisissetis,
1570 4085 1611 4141 ut
1623 4073 1745 4164 plures
1757 4077 1988 4169 magistratus
2002 4081 2109 4154 simul
2124 4083 2236 4171 caperet

236 4187 322 4269 bos,
349 4209 370 4252 a
386 4179 516 4277 quibus
532 4173 670 4267 flagitat
690 4173 890 4257 rationem,
921 4169 1102 4243 utstatim
1127 4166 1232 4236 initio
1286 4170 1448 4240 manavit
1471 4173 1673 4267 exemplum
1697 4179 1744 4249 ad
1770 4179 1880 4265 alios,
1914 4193 1951 4254 et
1973 4197 2150 4256 curatores
2166 4179 2236 4250 ludo

235 4285 322 4381 legis
339 4278 567 4383 prohibuerit
581 4275 850 4369 magistratum,
876 4287 1067 4370 antequam
1084 4268 1234 4344 subierit
1284 4296 1365 4344 rum
1397 4273 1497 4369 (ante
1523 4274 1742 4369 Hegemonis
1770 4281 1902 4380 legem)
1928 4285 2069 4357 scribae
2090 4307 2200 4356 munus
2215 4285 2236 4345 tl

237 4389 431 4471 iudicium,
465 4404 614 4478 peregre
640 4379 761 4465 abire,
788 4401 1007 4474 quamquam
1025 4399 1110 4446 sane
1123 4396 1232 4466 gram
1284 4375 1480 4469 receptoria
1495 4377 1675 4468 obierunt,
1694 4395 1913 4458 curaverunt
1927 4401 1964 4458 et
1977 4389 2117 4460 navalia
2131 4399 2162 4457 et
2171 4377 2236 4452 aedi

237 4491 302 4577 sit,
327 4503 538 4586 propterea,
564 4481 649 4583 quia
665 4480 915 4575 magistratum
932 4477 1100 4574 gesseris,
1132 4473 1231 4548 domi
1284 4478 1487 4550 ficationem
1504 4484 1793 4572 armamentarii,
1818 4488 1946 4562 eteius
1961 4491 2120 4586 publicas
2138 4501 2234 4562 strare

237 4592 398 4667 retineri.
450 4589 520 4676 Sed
537 4585 735 4658 cavendum
753 4596 850 4667 erat,
875 4606 922 4653 ne
941 4581 1020 4678 quis
1036 4582 1176 4652 furatus
1190 4601 1234 4648 er
1284 4595 1388 4666 runt,
1429 4594 1465 4653 et
1495 4589 1760 4676 propemodum
1783 4602 1896 4662 totam
1920 4593 2099 4666 civitatem
2121 4583 2235 4664 aduini

238 4695 382 4790 publico
405 4693 587 4786 effugeret.
653 4685 728 4760 Nee
751 4687 834 4757 licet
858 4684 989 4758 talibus
1013 4679 1232 4778 patrimonia
1283 4697 1501 4756 straverunt.
1558 4685 1683 4784 Neque
1698 4685 1768 4762 hor
1783 4717 1929 4781 accuso,
1954 4719 2072 4792 neque
2086 4689 2233 4788 repreher

236 4798 317 4871 Diis
333 4795 520 4879 addicere,
545 4801 608 4862 aut
631 4789 773 4884 templis
796 4787 981 4873 dedicare,
1015 4799 1079 4858 aut
1101 4785 1233 4855 abalie·
1282 4788 1353 4872 do,
1396 4811 1521 4884 rerum
1551 4789 1635 4862 ideo
1664 4817 1929 4884 commemoro,
1969 4812 2010 4872 ut
2036 4795 2232 4872 consideretis

237 4925 347 4986 nare,
374 4909 438 4970 aut
451 4904 703 4967 testamentum
720 4895 894 4971 conderes
919 4892 982 4962 sed
998 4887 1105 4960 simul
1122 4887 1233 4958 facul-
1283 4888 1524 4984 legislatorem
1547 4892 1656 4966 etiam
1678 4898 1724 4967 ab
1749 4921 1793 4969 eo
1815 4899 1978 4993 flagitare
1997 4903 2161 4983 raderes,
2190 4887 2230 4988 qul

237 5018 329 5079 tates
345 5025 470 5074 omnes
486 4995 620 5070 civitati
639 4997 899 5093 oppignoratae
912 5004 1016 5078 sunt,
1041 4994 1157 5062 donec
1174 5011 1232 5059 ra·
1283 5017 1398 5066 uuum
1413 5005 1566 5080 tantum,
1592 5021 1747 5094 eumque
1762 4999 1928 5074 infimum
1939 5007 2169 5099 magistratum
2181 5018 2230 5088 gt*

237 5107 355 5180 tiones
368 5102 568 5178 retulerint.
619 5098 810 5170 Praeterea
827 5098 926 5169 iubet
944 5097 1001 5168 lex
1022 5093 1104 5165 illos
1123 5092 1232 5164 etiam
1282 5095 1381 5168 serit.
1431 5096 1480 5169 At
1493 5097 1752 5176 Demosthenes
1767 5119 1961 5179 coronatus
1973 5123 2044 5194 est,
2067 5131 2139 5178 cum
2151 5117 2229 5195 ptem

238 5213 286 5282 ad
305 5208 501 5280 rationales
525 5203 710 5286 accedere,
737 5203 819 5296 qui,
850 5198 991 5272 etiamsi
1014 5197 1151 5268 nullam
1171 5217 1233 5288 pe·
1284 5221 1410 5272 omnes
1425 5201 1654 5292 magistratus
1669 5205 1745 5299 ipse
1760 5232 1854 5281 unus
1869 5223 2018 5302 gereret.
2052 5207 2147 5306 Quod
2161 5199 2226 5274 enlm

239 5311 383 5383 cuniam
406 5315 619 5401 receperunt
642 5314 707 5373 aus
735 5303 1000 5396 expenderunt,
1040 5312 1163 5370 nmen
1193 5295 1233 5366 in
1284 5312 1387 5387 tunc,
1419 5327 1501 5375 eum
1526 5305 1666 5376 decreta
1689 5333 1824 5380 corona
1845 5325 1919 5396 est,
1954 5335 2057 5385 muro
2079 5303 2225 5384 reficiendo

240 5411 507 5503 magistratibus
533 5407 701 5487 foenus,
740 5417 776 5476 et
804 5404 863 5476 lex
890 5402 968 5498 ipsa
989 5403 1111 5487 docet,
1142 5422 1234 5496 quo·
1282 5417 1429 5476 curator
1450 5405 1579 5493 luerit,
1616 5413 1716 5504 quod
1736 5413 1916 5504 publicam
1938 5415 2114 5508 pecuniam
2132 5417 2223 5482 traco
