4548 5788
24 205 94 285 as·
181 199 371 286 mim
415 207 644 340 urmes,
668 201 934 310 omnoms
956 211 1209 293 muruco
1230 208 1432 295 ¹corum
1456 222 1846 313 armenorum.
1865 151 1881 288 ’.
1960 219 2038 301 rso

24 381 150 479 repulus
168 382 265 454 mele
285 405 394 458 sanus
417 375 454 457 et
474 377 641 482 acceptae
661 387 876 466 calamitatis
900 389 991 462 obli·
1040 389 1258 484 arrogabit,
1298 419 1410 491 quare
1440 421 1539 470 nune
1560 423 1641 472 sero
1665 397 1828 472 omnium
1852 383 2038 470 actionum

23 511 81 572 us,
100 497 169 558 tam
181 485 302 558 alieno
318 498 482 584 tempore
497 513 674 564 coronare
687 503 723 563 te
735 493 855 579 vellet,
881 517 990 589 opor·
1041 518 1220 568 summam
1235 495 1459 590 improbem,
1481 525 1620 574 acuon
1642 504 1682 572 in
1704 516 1868 597 tempore
1889 499 2038 594 singulis

23 590 145 660 ebatte
158 589 278 684 ipsum
292 591 417 664 venire
431 592 717 682 intencionem,
751 607 787 667 et
810 592 990 670 honorem
1040 595 1170 668 erratis
1198 599 1413 688 restiterim,
1454 587 1536 675 cum
1561 605 1601 676 in
1622 605 1772 679 consilio
1803 603 2040 698 agitarentur,

23 691 181 786 tepreeari
213 687 284 766 hoc
314 696 445 768 modu:
490 695 662 771 Delector
692 700 862 796 equidem
895 700 990 773 cives
1040 702 1365 774 uee‘acensaverim
1381 715 1488 793 tnnc,
1518 721 1599 780 cum
1621 709 1756 782 mutari
1778 718 1946 801 possent,
1976 705 2040 779 sed

22 794 174 877 sraemim
199 797 265 870 sed
285 791 356 868 hoe
375 810 538 898 tempore
557 800 793 896 praeconium
813 801 894 875 heri
913 827 991 875 nou
1042 801 1224 876 aberrem
1238 828 1260 875 a
1274 805 1457 898 republica
1470 833 1556 882 raro
1572 811 1611 883 in
1626 813 1746 884 torum
1761 809 1938 884 venerim.

22 897 119 985 lecet,
142 921 223 972 enm
243 897 284 971 in
305 899 451 994 pubtico
472 903 572 978 luctu
593 902 641 978 sit
662 903 831 1001 universa
852 906 990 980 civitas.
1143 903 1221 998 Ego
1250 931 1338 978 vero
1364 931 1432 980 nec
1450 908 1705 988 Demosthenis
1730 911 1976 986 assiduitatem
1999 908 2042 980 in

22 1000 124 1096 leque
135 1001 285 1074 dubium
297 1015 364 1089 est,
383 1003 474 1102 quin
486 1001 577 1078 haee
591 1006 752 1081 dictonis
764 1009 874 1080 luerit
887 1009 991 1094 alius,
1042 1008 1124 1079 iuro
1140 1007 1380 1100 magnifacio,
1403 1036 1472 1085 uec
1486 1017 1597 1108 pudet
1611 1041 1669 1088 mc
1684 1041 1811 1100 meae,
1831 1037 1898 1086 uec
1913 1011 2040 1109 poeni-

21 1099 224 1200 quihoneste
241 1117 279 1178 et
294 1131 376 1179 cum
391 1107 526 1181 virtute
539 1110 642 1184 vixit.
693 1109 763 1184 Sed
786 1111 904 1184 oratio
926 1124 990 1184 tua
1042 1121 1094 1182 tet
1107 1133 1167 1182 me
1181 1111 1286 1184 vobis
1300 1114 1518 1189 consuluisse
1536 1143 1598 1204 ea,
1622 1143 1715 1216 quae
1732 1119 1823 1190 dixi:
1858 1117 1970 1186 immo
1992 1137 2041 1186 ne

21 1207 230 1280 :onscele'rati
254 1203 414 1284 hominis
437 1226 498 1284 est
527 1226 565 1284 ct
591 1213 824 1287 obtrectantis
854 1214 992 1287 virtuti.
1042 1211 1164 1284 vivere
1198 1215 1344 1310 quidem
1376 1241 1538 1310 possem,
1583 1219 1614 1294 si
1640 1221 1897 1294 consuluissem
1931 1218 2043 1301 idern,
2170 1279 2177 1290 ,

21 1309 114 1382 lemo
136 1310 232 1382 enim
252 1325 414 1386 vestrm
434 1329 622 1402 vereatur,
665 1338 712 1390 ne
731 1313 992 1390 Demosthenes
1044 1318 1144 1410 quud
1159 1315 1219 1388 ille
1233 1319 1424 1392 consuluit.
1456 1321 1740 1418 Sedquodraro
1756 1323 1931 1394 inferum
1944 1318 2042 1404 veni,

21 1414 363 1503 tonorelrnatratus,
386 1427 562 1515 tanquam
577 1419 636 1490 vir
650 1419 755 1493 lurtis
770 1423 919 1493 domum
936 1445 993 1492 re-
1043 1417 1128 1491 lecit
1148 1443 1250 1492 meae
1273 1421 1370 1494 vitae
1390 1424 1639 1509 mediocrium
1679 1449 1795 1522 pauca
1825 1423 1921 1495 enim
1949 1417 2044 1494 mihi

20 1515 103 1588 tiens
116 1527 271 1590 mortem
285 1518 355 1591 sibi
370 1521 586 1608 consciscat,
609 1521 674 1620 qni
687 1525 780 1596 adeo
794 1523 994 1596 contemnit
1044 1521 1245 1608 sufficiunt,
1280 1547 1348 1597 nec
1374 1527 1655 1620 splendidiorem
1679 1531 1864 1601 fortunam
1888 1525 2043 1618 turpiter

20 1641 157 1693 sonores
182 1632 340 1708 cestros,
379 1636 423 1696 ut
448 1620 518 1696 hoc
538 1623 729 1698 execrabili
749 1627 866 1721 capite
886 1649 993 1721 saepe
1046 1625 1272 1718 concupisco.
1322 1623 1449 1724 ltaque
1463 1655 1545 1702 meu
1566 1625 1718 1702 arbitriis
1735 1631 1792 1700 vel
1812 1650 1936 1710 causas
1961 1649 2044 1720 ago,

20 1721 208 1808 ulcerato,
232 1727 488 1800 contumeliam
502 1729 655 1824 pecunia
669 1729 888 1824 pensaverit,
912 1755 994 1802 cum
1046 1727 1103 1798 vel
1118 1739 1240 1814 taceo,
1270 1751 1338 1800 nee
1351 1753 1462 1824 cogor
1476 1733 1691 1832 quotidiano
1709 1732 1798 1805 luxu
1819 1754 1862 1802 ae
1883 1741 2044 1838 pumptrr,

19 1825 264 1898 recusationem
276 1830 322 1901 de
332 1829 481 1902 vnlnere
497 1831 725 1917 instituissem
752 1843 789 1906 ct
803 1831 994 1928 aMidian)
1045 1830 1226 1902 utcontra
1239 1831 1465 1914 voluntatem
1479 1835 1591 1911 animi
1607 1837 1679 1909 mei
1699 1857 1823 1909 causas
1838 1831 2045 1925 suscipiam.

19 1943 54 2002 ta
70 1927 259 2004 mulctatus
270 1943 325 2005 est
339 1933 485 2028 pugnis,
508 1947 551 2007 ut
563 1935 712 2029 vestigia
732 1934 773 2006 in
795 1935 912 2030 capite
932 1937 997 2007 ad·
1150 1931 1211 2004 Tu
1224 1957 1311 2006 vero
1327 1938 1523 2012 conductus
1540 1939 1693 2035 prumia
1708 1951 1824 2022 taces,
1855 1935 1966 2008 effusa
1981 1959 2045 2030 pe·

19 2055 74 2104 tuc
89 2031 296 2127 adparcant.
347 2035 442 2110 Nam
458 2038 525 2110 iste
538 2063 615 2112 non
631 2051 758 2134 caput,
790 2041 854 2112 sed
869 2037 996 2134 capitis
1047 2033 1153 2108 cunia
1166 2059 1291 2110 rursus
1305 2037 1526 2130 vocileraris,
1542 2043 1680 2116 etdicis
1693 2065 1770 2113 nou
1784 2041 1929 2137 quando
1944 2038 2047 2123 libet,
2095 2044 2101 2052 '

18 2149 136 2212 setena
149 2138 341 2232 pecuniam
355 2138 543 2220 lucrifecit.
1048 2151 1112 2210 aut
1125 2139 1225 2235 qnod
1241 2141 1371 2230 velles,
1395 2145 1457 2216 sed
1472 2147 1617 2242 quaudo
1642 2145 1697 2216 illi
1715 2143 1782 2216 tibi
1808 2141 2048 2236 praecipiunt,

86 2238 174 2326 ¹Sed
202 2241 248 2314 de
271 2239 523 2337 Ctesiphonte,
559 2235 624 2344 qui
643 2247 827 2320 decretum
848 2269 997 2340 eompu-
1048 2242 1179 2338 quihus
1195 2266 1345 2337 operam
1359 2257 1460 2318 tuam
1474 2247 1686 2331 vendidistia
1711 2271 1779 2318 nec
1792 2245 1905 2339 pudet
1920 2255 1955 2316 te
1970 2243 2048 2336 glo·

18 2343 93 2428 uit,
123 2366 239 2437 pauca
261 2345 402 2433 dicam,
431 2349 545 2423 multa
568 2349 809 2444 praeteriens,
840 2359 882 2422 ut
901 2349 998 2443 peri-
1048 2343 1138 2415 riari
1158 2344 1280 2442 aliqua
1303 2347 1348 2418 de
1371 2373 1431 2436 re,
1462 2349 1505 2420 in
1525 2374 1596 2447 qua
1619 2348 1739 2422 statim
1763 2342 2048 2442 deprehenditur

17 2447 121 2518 :ulum
134 2446 286 2535 faciam,
311 2471 360 2522 an
374 2450 562 2545 insigniter
576 2453 763 2548 improbos
776 2476 853 2524 nou
866 2449 999 2526 moniti
1049 2447 1282 2536 mendacium
1297 2461 1413 2526 tuum.
1463 2451 1559 2526 Nam
1584 2447 1674 2524 haec
1693 2450 1787 2522 aetio
1808 2449 1971 2522 instituta
1994 2459 2048 2520 est

17 2551 201 2642 lisccrnere
218 2552 415 2646 pessimun
448 2557 514 2630 sed
535 2559 634 2653 quod
656 2581 714 2630 res
738 2558 817 2650 ipsa
838 2555 934 2650 cogit
952 2557 998 2628 dc
1049 2549 1134 2621 vivo
1149 2545 1267 2624 adhuc
1281 2547 1475 2650 Philippo,
1498 2555 1708 2651 priusquam
1717 2551 1921 2625 Alexander
1935 2551 2048 2644 reguo

17 2667 157 2750 utroque
171 2656 412 2728 communiter
427 2658 565 2745 dicere,
590 2659 628 2732 id
643 2658 809 2732 omittere
825 2683 902 2732 non
916 2680 999 2753 pos-
1049 2653 1187 2749 potit'us
1215 2667 1287 2736 csta
1324 2668 1512 2728 ettamen
1541 2658 1652 2732 audes
1678 2655 1815 2742 dicere,
1846 2655 2051 2728 institutam

17 2783 95 2831 um.
144 2754 446 2838 Obambuhntin
459 2762 561 2848 loro,
586 2765 680 2838 etde
696 2787 734 2837 se
750 2761 906 2836 vicissim
922 2785 998 2834 non
1050 2781 1148 2844 csse,
1171 2768 1213 2828 ut
1234 2757 1388 2850 gratiam
1408 2762 1454 2833 ab
1471 2758 1676 2834 Alexandro
1693 2761 1827 2832 ineam.
1876 2757 2052 2834 Nondum

16 2862 118 2935 tbsre
138 2876 421 2958 eoncpreruntur.
472 2862 643 2960 Ctesipho
664 2865 734 2952 ait,
768 2891 806 2939 se
827 2890 903 2938 non
924 2889 999 2938 esse
1050 2859 1119 2931 tibi
1139 2859 1322 2933 somnium
1346 2863 1392 2934 de
1412 2863 1595 2939 Pausania
1618 2876 1800 2938 ostensum
1822 2874 1919 2948 erat,
1956 2885 2051 2932 non-

16 2989 40 3036 n
56 2976 158 3038 metu
172 2989 238 3038 sna
254 2989 382 3052 musa,
405 2968 491 3064 quia
512 2994 656 3063 semper
676 2968 840 3063 privatus
860 2968 1000 3053 vixerit,
1051 2965 1139 3035 dum
1154 2986 1235 3032 cum
1243 2963 1409 3036 Minerva
1425 2980 1462 3062 et
1468 2961 1607 3039 lunone
1619 2980 1731 3040 noctu
1747 2965 1943 3038 collocutus
1959 2987 2051 3042 eras·

16 3070 65 3140 ed
91 3080 239 3140 veretur
265 3069 335 3143 sibi
357 3067 612 3148 Demosthenis
638 3074 879 3165 corruptelas,
913 3095 1001 3166 per·
1052 3065 1249 3164 Quomodo
1264 3063 1375 3160 igitur
1390 3093 1456 3163 ego
1471 3082 1557 3142 tunc
1571 3069 1779 3144 Alexandro
1801 3067 1977 3142 assentari
1997 3067 2053 3138 vi·

16 3171 148 3258 idiam,
171 3171 295 3264 fugam
308 3196 453 3249 nocere.
501 3175 660 3252 licentra
668 3171 931 3250 Demosthenes
946 3177 1001 3246 iu·
1052 3167 1233 3243 sussum?
1257 3169 1329 3242 nisi
1341 3173 1491 3247 fortasse
1507 3173 1605 3246 idem
1617 3169 1710 3246 mihi
1724 3172 1927 3262 somnium,
1953 3145 2054 3270 quud

16 3275 102 3372 quit,
140 3299 178 3346 se
203 3276 382 3348 confidere
397 3301 463 3350 sua
485 3303 661 3372 persona,
700 3276 764 3352 sed
785 3279 923 3366 uereri,
943 3295 1002 3350 ¹ne
1052 3267 1310 3358 Demostheni.
1335 3275 1498 3348 oblatum
1512 3289 1577 3351 eal·

16 3377 72 3452 ibi
89 3375 211 3451 obsint
225 3374 469 3476 Ctesiphontis
480 3381 615 3478 flagitia
630 3395 666 3453 et
679 3381 873 3458 lenocinia.
908 3379 1001 3454 Cum
1156 3371 1418 3470 Reprehendis,
1443 3381 1544 3477 quod
1559 3404 1636 3452 nou
1650 3377 1792 3455 assidue
1806 3392 1969 3454 versatus
1983 3377 2053 3454 siin

16 3496 124 3556 tutem
140 3505 178 3554 se
193 3479 265 3574 ipsi
279 3495 406 3558 mutuo
429 3488 690 3574 condemnent,
714 3511 800 3572 vos,
825 3485 890 3582 qui
904 3510 1004 3558 com·
1055 3475 1094 3548 1¹¹
1120 3477 1225 3566 f⁰¹02
1263 3476 1336 3553 h⁰t
1365 3483 1501 3554 crimen
1535 3484 1648 3558 sumit
1668 3509 1711 3555 ⁰¹
1733 3484 1812 3554 allis
1837 3483 2054 3560 tiviltlibut·
2102 3501 2106 3506 '

16 3607 133 3675 nunes
154 3585 302 3683 utrique
325 3585 462 3665 iudices
481 3585 560 3663 dati
580 3587 682 3674 estis,
720 3589 835 3663 nolite
858 3613 920 3662 eos
941 3588 1004 3660 ab·
1054 3579 1150 3653 Nam
1168 3581 1211 3672 in
1229 3583 1400 3672 urbibus,
1436 3610 1529 3681 quae
1550 3597 1634 3656 snut
1658 3607 1850 3680 oppressae
1871 3577 2056 3673 servitute,

16 3690 159 3786 oluere.
243 3681 278 3778 ‚''
891 3770 906 3784 μ
983 3721 987 3728 ·
1055 3704 1132 3752 non
1146 3697 1307 3769 accusat,
1334 3685 1496 3782 quisquis
1511 3687 1604 3773 vult,
1629 3689 1692 3758 sed
1707 3687 1780 3774 ille,
1804 3687 1868 3786 qui
1882 3687 2057 3783 impetam
2102 3779 2107 3788 ¹

106 3779 165 3869 Ua
179 3780 364 3887 codildis,
381 3815 485 3888 ‚quac¹
500 3791 671 3882 adversus
686 3816 745 3863 me
760 3789 1004 3887 dicet‚,pauca
1057 3794 1095 3854 at
1124 3782 1165 3852 in
1193 3785 1308 3879 libera
1337 3785 1480 3861 civitate
1509 3789 1671 3886 quisquis
1698 3789 1813 3876 vult,¹
1839 3801 1877 3860 et
1907 3793 2083 3890 quando'

16 3895 248 3968 ›raedicenda
278 3907 374 3967 sunt.
434 3892 583 3988 Accipio
614 3893 712 3990 enim
738 3919 821 3968 eum
844 3893 1006 3990 gloriari,
1056 3886 1156 3960 libel·
1212 3886 1261 3958 Et
1275 3889 1545 3982 perintervalla
1562 3891 1733 3966 interesse
1756 3893 1914 3968 consitiis
1935 3895 2058 3993 reipu-

16 4002 105 4098 prod
122 4000 247 4095 ‚multa
268 3997 381 4094 ipsius
404 3995 444 4068 in
468 3997 649 4072 civitatem
672 3993 844 4071 beneficia
873 4007 1007 4082 extent,
1056 3989 1191 4076 blitea,
1213 3989 1355 4084 signum
1371 4005 1425 4066 est
1438 3996 1509 4066 viri
1524 3997 1748 4070 observantis
1763 4005 1976 4093 'temporum
2000 4023 2058 4070 ar·

16 4116 38 4176 it
54 4127 76 4174 a
93 4099 155 4202 'qne
170 4097 430 4200 rempp'blicam
447 4101 561 4174 multa
578 4099 793 4172 detrimenta
814 4099 1007 4195 accepisse;
1059 4093 1187 4188 tienlbs
1201 4095 1452 4168 ad'utilitatem
1470 4099 1669 4192 publicama
1701 4101 1764 4174 sed
1787 4099 1926 4173 assidue
1946 4101 2058 4174 inter-

16 4219 36 4278 t
51 4203 149 4301 milri¹
166 4205 323 4301 imputat
339 4227 402 4292 ea,
438 4227 532 4300 quae
547 4192 740 4299 Philippus
755 4216 791 4278 et
805 4198 1008 4276 Alexander
1059 4220 1137 4269 esse
1152 4196 1295 4291 signum
1313 4211 1366 4274 est
1380 4201 1624 4290 mercenarii,
1646 4203 1714 4299 qui
1727 4202 1807 4276 aliis
1822 4203 1868 4275 ad
1884 4226 1964 4276 cam
1977 4227 2056 4278 rem

16 4311 182 4386 edversus
204 4333 272 4382 nos
286 4296 466 4380 lecerunt.
516 4305 565 4380 Et
584 4319 658 4379 tam
683 4307 833 4382 callidus
854 4305 1008 4380 estora·
1060 4323 1209 4393 operam
1224 4325 1327 4374 suam
1341 4303 1487 4379 locavit.
1539 4303 1631 4376 Cum
1645 4329 1733 4376 vero
1756 4305 1868 4378 iactas
1889 4319 1925 4378 te
1950 4319 2058 4382 antea

16 4439 84 4500 or,
110 4426 155 4486 nt
176 4436 252 4486 non
274 4409 322 4484 sit
341 4423 530 4483 contentus
553 4408 836 4507 reprehendere,
868 4411 900 4484 si
920 4407 1009 4506 quid
1061 4426 1156 4474 rme
1172 4429 1248 4475 non
1262 4427 1337 4478 csse
1352 4419 1577 4494 accusatum,
1603 4419 1665 4479 aut
1677 4407 1815 4482 iudices
1832 4413 1963 4504 parum
1983 4435 2059 4484 me-

16 4515 98 4600 :essi
116 4530 182 4590 aut
201 4512 294 4598 dixi5
312 4510 562 4610 »reprehendit
576 4505 685 4587 etiam
700 4512 883 4588 silentium
901 4525 1009 4610 atque
1060 4528 1181 4581 mores
1197 4533 1272 4582 esse
1289 4509 1490 4598 existimas,
1516 4523 1578 4583 aut
1592 4525 1628 4583 te
1644 4511 1762 4606 ipsum
1781 4512 1939 4606 decipis.v
1959 4513 2059 4590 Num

16 4615 133 4692 ›tinm'
141 4643 286 4703 meum,
310 4617 463 4692 utnulla
481 4643 566 4711 pars
582 4619 678 4690 vitae
698 4613 802 4689 'rneae
826 4615 1010 4712 relinqua·
1061 4609 1215 4682 oblitum
1244 4636 1320 4684 esse
1343 4615 1519 4708 pupulum
1552 4613 1770 4701 arbitraris,
1796 4619 1944 4711 quanm
1975 4644 2060 4694 reus

16 4747 65 4796 ur
86 4748 170 4795 non
190 4723 392 4794 deformata
414 4719 614 4794 calumniis.
655 4719 872 4814 'Vituperat
901 4717 1010 4790 etiam
1060 4714 1171 4786 fueris
1199 4714 1378 4810 sacrilegii
1405 4717 1588 4790 commissi
1616 4721 1713 4812 apud
1735 4714 1992 4814 Amphissam?
2025 4735 2062 4797 et

16 4827 113 4900 udos
139 4839 177 4898 et
199 4816 386 4909 eruetur,
419 4847 512 4920 quae
541 4847 623 4894 cum
652 4825 861 4923 aequalibus
891 4822 1011 4893 adole·
1062 4819 1371 4912 corruptelarum,
1404 4845 1494 4916 quas
1515 4821 1560 4892 ab
1574 4817 1843 4895 Euboeensibus
1867 4822 2062 4919 accepistil

16 4953 108 5004 cens
122 4927 250 5002 habui.
301 4925 350 5000 Et
362 4928 406 4998 de
422 4923 493 4999 hoc
505 4927 641 4998 iudicio
658 4928 779 5000 statim
801 4925 907 4998 initio
931 4949 1012 4996 ora·
1063 4941 1157 5017 quae
1176 4933 1332 4997 vetustas
1356 4924 1501 4995 abolere
1523 4925 1658 5020 poterit
1676 4927 1891 4998 memoriam
1914 4929 2061 5024 rapina·

16 5035 122 5106 ionis
137 5048 224 5106 suae
240 5031 405 5115 obiiciet,
429 5026 523 5101 hanc
543 5053 639 5102 ame
657 5033 919 5102 accusationem
937 5052 1012 5099 non
1062 5049 1145 5095 rum
1166 5036 1333 5112 tuarum,
1357 5019 1460 5122 ¹quas
1483 5027 1620 5115 iecisti,¹
1652 5050 1733 5102 curn
1755 5031 1950 5103 instrueres
1972 5031 2060 5106 clas-

16 5159 84 5209 sse
101 5136 310 5222 institutam
330 5133 548 5226 reipublicae
560 5157 685 5220 causa,
716 5133 779 5206 sed
802 5147 845 5205 ut
859 5132 1013 5206 Alexan·
1063 5151 1159 5214 sem,
1193 5138 1229 5199 et
1251 5132 1485 5222 persuaderes
1507 5133 1664 5227 populo,
1704 5145 1747 5204 ut
1768 5145 1804 5202 te
1828 5131 1930 5203 classi
1953 5159 2059 5228 prae·

16 5241 76 5311 iro
94 5241 208 5311 iidem
229 5239 360 5310 faciam
380 5258 439 5306 me
459 5232 544 5308 huie
564 5236 750 5310 inimicum
774 5259 867 5320 esse;
902 5245 938 5306 et
958 5233 1014 5304 in-
1063 5229 1211 5303 liceret?
1260 5231 1355 5306 Nam
1372 5257 1453 5305 cum
1476 5235 1671 5330 accepisses
1693 5234 1918 5329 stipendium
1939 5238 1987 5309 ad
2013 5263 2055 5310 ar

367 5368 370 5376 ·
427 5359 432 5374 ·
579 5352 582 5364 ·
718 5363 723 5376 ·
1063 5337 1218 5407 mandas
1232 5358 1342 5409 naves
1358 5349 1555 5423 trecentas,
1582 5339 1650 5430 ego'
1663 5332 1883 5429 deprehendi
1899 5341 2060 5440 quinque

39 5471 510 5541 immurmurantibus,
534 5473 607 5528 cort
620 5483 706 5541 supra
721 5487 748 5542 p.
761 5473 823 5527 sos,
840 5473 949 5530 neno,
1065 5449 1101 5508 et
1121 5436 1436 5533 sexagintalnaves
1449 5441 1590 5514 veloces
1604 5439 1658 5510 illi
1673 5448 1826 5512 num'ero
1843 5443 1983 5534 deesse,
2007 5458 2061 5521 te·
2106 5471 2112 5482 ·

16 5557 210 5628 maara.
231 5559 340 5630 orus.
361 5559 448 5626 Von
470 5555 580 5624 let.
1494 5539 1545 5614 69
