4560 5792
248 221 332 316 rso¹
831 217 956 292 rme.
991 215 1106 292 nst.
1136 213 1340 292 scalers
1373 215 1712 296 ranotoctot

2172 229 2222 334 ⁷4⁰.

247 394 390 466 mittere
406 406 441 464 et
458 391 631 466 militares
642 403 804 483 sumptus
818 391 1005 462 ostendere
1022 391 1129 474 alios,
1150 412 1243 459 non·
1295 391 1517 484 voluptatem
1532 404 1569 462 et
1582 391 1749 484 gratiam
1795 389 1843 462 Et
1857 393 1942 462 talia
1958 405 2046 464 certe
2060 395 2227 488 assidemut,

249 520 296 568 ne
321 497 382 568 ille
413 497 556 591 (posset
577 495 707 590 aliquis
731 493 910 588 obiicere)
938 495 1069 564 melior
1091 491 1138 563 sit
1159 514 1244 561 con·
1296 505 1403 588 atque
1427 494 1574 564 illorum
1603 493 1750 564 interim
1780 518 1838 567 res
1871 519 1994 568 omnes
2015 498 2227 572 commodeha·

251 598 389 672 sultar?
411 599 445 695 ⁹)
483 597 616 668 Fateor
635 619 721 668 sane
746 620 812 688 ego
839 619 1003 691 quoque,
1037 595 1068 666 si
1096 593 1244 690 quidem
1294 596 1399 679 bent,
1436 608 1575 668 vestrae
1604 619 1690 668 vero
1716 596 1880 696 turpiter.
1945 597 2109 694 Equidem
2138 627 2229 696 erpere

252 715 306 774 est
332 700 461 796 aliquis
482 701 610 783 modo,
636 699 707 770 viri
725 695 974 770 Athenienses.
1024 697 1096 769 Sed
1118 697 1245 781 miror,
1296 694 1369 768 dite
1384 697 1450 796 ΙΙ),
1470 697 1540 768 viri
1555 695 1811 784 Athenienses,
1838 723 1930 794 quae
1946 699 2031 800 vquis
2050 701 2151 795 capita
2165 731 2230 776 con·

253 827 301 874 an
327 803 385 874 cui
407 827 569 898 unquam
590 797 781 872 bominum
807 815 871 874 aut
892 801 1012 884 licuit,
1037 813 1100 872 aut
1113 798 1245 883 licebit,
1296 823 1500 871 memorare
1515 803 1648 895 possit,
1681 826 1804 872 rerum
1828 826 1849 872 a
1874 803 1999 874 vestris
2014 805 2230 900 maioribusge

254 906 316 992 si,
327 930 421 1001 quae
436 930 532 976 nune
547 899 676 990 habet,
704 905 966 996 consumpserit
988 905 1034 972 ad
1055 927 1148 998 quae
1170 925 1245 971 non
1296 915 1447 989 starum,
1462 916 1499 974 et
1514 926 1659 988 earum,
1677 928 1768 999 quae
1786 916 1903 996 gestae
1921 918 2037 978 sunta
2052 910 2152 982 vobis.
2179 911 2232 980 Erit

255 1020 417 1104 oportet,
442 1019 538 1079 recte
564 1032 637 1103 quo
661 1018 806 1100 oportet
827 1007 891 1090 iis,
917 1029 1010 1101 quae
1033 999 1245 1087 nonhabet,
1298 1019 1419 1076 autem
1434 1007 1552 1079 brevis
1574 1019 1610 1076 et
1623 1019 1711 1078 nota
1734 1007 2029 1090 vobisnarrati03
2052 1014 2232 1105 nequeenim

253 1111 319 1182 uti.
369 1109 527 1196 Verum,
561 1110 736 1193 arbitror,
770 1109 923 1181 istorum
946 1107 1148 1178 rationibus
1169 1129 1246 1176 ma·
1297 1107 1496 1202 peregrinis
1519 1107 1623 1180 vobis
1648 1109 1832 1182 utentibus
1862 1111 2049 1204 exemplis,
2079 1113 2142 1182 viri
2161 1111 2233 1184 Athe·

254 1237 363 1305 gnum
382 1225 605 1284 momentum
628 1213 782 1296 accedit,
813 1212 1037 1304 singulorum
1059 1212 1246 1290 voluntas;
1297 1211 1458 1296 nienses,
1498 1236 1624 1282 verum
1656 1211 1860 1285 domesticis
1894 1237 1967 1284 esse
2001 1213 2148 1287 feticibus
2172 1217 2232 1289 licet

253 1329 475 1411 quapropter
490 1315 698 1386 facillimum
714 1327 768 1386 est
783 1315 965 1399 omnium,
985 1313 1147 1406 decipere
1159 1334 1246 1383 sese.
1297 1309 1354 1382 llli
1372 1314 1501 1406 igitur,
1528 1313 1658 1408 quibus
1681 1339 1757 1384 non
1780 1315 1829 1384 ita
1852 1315 2088 1409 adulabantur
2109 1333 2234 1402 oratores,

253 1418 364 1513 Quod
389 1418 484 1488 enim
507 1419 657 1514 quisque
678 1418 774 1500 vult,
799 1415 837 1486 id
858 1418 976 1509 ipsum
992 1417 1099 1486 etiam
1114 1414 1247 1486 facien-
1298 1439 1416 1511 neque
1444 1415 1493 1486 ita
1523 1418 1740 1510 palpabant,
1781 1419 2084 1512 quemadmodum
2112 1423 2234 1490 nuncil

204 1511 209 1527 ’
255 1521 341 1592 dum
360 1545 434 1592 esse
448 1534 583 1602 censet;
610 1520 711 1614 atqui
725 1544 783 1590 res
797 1519 896 1612 ipsae
910 1516 1047 1590 babent
1060 1542 1165 1611 saepe
1182 1514 1247 1587 ali·
1298 1543 1381 1604 vos,
1407 1520 1567 1616 quinque
1584 1532 1621 1590 et
1638 1519 1877 1616 quadraginta
1892 1521 1997 1594 annis
2014 1522 2150 1594 Graecis
2161 1527 2235 1615 impe·

256 1635 321 1694 ter.
373 1623 605 1696 Considerate
634 1622 744 1714 igitur
770 1619 858 1714 (viri
879 1619 1131 1719 Athenienses)
1158 1615 1247 1690 haec
1298 1633 1426 1692 rarunt
1441 1621 1662 1706 volentibus,
1685 1624 1790 1714 plura
1807 1634 1928 1694 autem
1950 1649 2058 1720 quam
2074 1625 2177 1695 decern
2186 1627 2236 1695 nil·

255 1725 325 1809 ita,
353 1727 657 1820 quemadmodum
675 1749 731 1796 res
745 1724 844 1816 ipsae
863 1725 1006 1809 lerunt,
1031 1737 1067 1794 et
1087 1737 1162 1794 turn
1189 1746 1246 1791 ex·
1298 1725 1346 1794 lia
1364 1726 1498 1796 talenta
1514 1725 1554 1794 in
1569 1749 1687 1796 arcem
1706 1726 1991 1800 accumularunt.
2043 1728 2235 1798 Subditusau·

254 1828 307 1898 ire
323 1827 499 1920 poteritis,
519 1843 555 1899 et
570 1827 771 1920 praemium
790 1828 874 1900 inde
890 1827 1104 1921 percipietis.
1136 1823 1248 1920 Equi·
1298 1840 1371 1898 tem
1388 1841 1465 1898 erat
1480 1827 1566 1920 ipsis
1582 1827 1710 1912 etiam,
1736 1829 1799 1924 qui
1815 1822 1909 1900 hanc
1925 1841 2005 1900 tum
2019 1831 2181 1922 regionem
2196 1828 2235 1899 ln-

257 1933 338 1999 dem
368 1955 443 2000 non
474 1932 722 2024 prudentum,
763 1955 880 2026 neque
912 1953 1169 2023 generosorum
1195 1938 1249 1997 est
1297 1932 1427 2014 bebat,
1450 1955 1533 2015 rex,
1564 1933 1870 2026 quemadmodum
1894 1957 1965 2026 par
1991 1947 2064 2018 est,
2095 1937 2237 2004 barbarum

256 2029 446 2104 hominum
461 2033 529 2128 ¹⁰),
562 2034 755 2129 quicquam
780 2034 1123 2124 praetermittentes,
1149 2030 1247 2126 quod

257 2137 303 2206 ad
321 2135 454 2206 bellum
469 2137 638 2220 attineat,
664 2147 814 2228 propter
835 2160 944 2228 opum
960 2135 1170 2228 penuriam,
1195 2135 1248 2202 la-

260 2239 325 2307 cile
347 2241 440 2308 ferre
461 2240 550 2310 tales
566 2238 816 2320 contumeliam
844 2263 961 2335 neque
979 2252 1103 2309 contra
1120 2235 1248 2308 Corin-

255 2337 350 2412 thios
367 2342 512 2438 quidem
533 2353 568 2412 et
585 2341 812 2432 Megarenses
839 2343 1012 2435 correptis
1034 2341 1144 2412 armis
1162 2363 1247 2442 pro·

253 2444 383 2528 ficisci,
407 2441 617 2538 Philippum
635 2457 698 2515 ant
713 2443 828 2514 sinere
838 2445 1010 2516 Graeciae
1024 2445 1131 2515 urbes
1146 2465 1248 2514 man-

254 2548 395 2640 cipare,
428 2559 578 2640 propter
611 2548 787 2618 delectum
818 2561 1026 2642 sumptuum
1061 2545 1247 2617 militanti-

255 2651 321 2720 bus
337 2647 396 2742 ¹¹).
432 2647 480 2718 Et
495 2645 584 2720 haec
599 2649 697 2720 volui
711 2650 829 2720 dicere
848 2651 984 2734 obiter,
1008 2675 1083 2721 non
1101 2648 1164 2744 qui
1180 2648 1246 2719 sim

255 2752 413 2822 intensus
434 2752 549 2824 vobis.
615 2749 740 2847 Neque
765 2752 861 2824 enim
893 2756 984 2824 adeo
1008 2779 1087 2824 sum
1112 2754 1248 2845 impru-

255 2857 343 2926 dens
360 2866 423 2925 aut
436 2853 559 2926 infelix
574 2854 640 2950 ¹²),
673 2867 715 2925 ut
730 2855 871 2949 cupiam
888 2881 961 2928 esse
982 2856 1139 2940 invisus,
1165 2879 1246 2926 cum

254 2953 348 3028 nihil
368 2955 452 3028 inde
478 2957 713 3030 emolumenti
738 2957 893 3033 videam.
960 2959 1030 3032 Sed
1050 2958 1139 3030 boni
1161 2957 1248 3029 civis

256 3086 330 3132 esse
345 3060 478 3145 iudico,
498 3062 648 3134 salutem
665 3060 883 3153 reipublicae
900 3087 967 3155 pro
984 3064 1113 3156 gratia,
1136 3086 1247 3158 quom

255 3176 480 3254 aucupantur
496 3164 643 3256 quidam
662 3164 835 3248 dicendo,
861 3165 974 3261 sequi.
1014 3165 1157 3237 Etenim
1174 3188 1246 3248 eos,

255 3267 317 3360 qui
340 3266 412 3334 iam
437 3263 524 3334 olim
537 3278 683 3357 patrum
699 3279 901 3338 vestrorum
923 3281 1085 3360 tempore
1108 3269 1145 3338 in
1162 3291 1247 3337 con·

254 3367 417 3440 cionibus
446 3369 661 3438 sententiam
692 3367 877 3456 dicebant,
916 3371 1043 3455 audio,
1076 3372 1247 3466 quemad-

254 3473 403 3542 modum
436 3471 587 3541 lortasse
622 3484 658 3542 et
683 3496 747 3542 vos
781 3473 850 3564 ipsi
884 3469 1018 3567 (quod,
1058 3473 1122 3570 qui
1150 3497 1246 3544 nunc

254 3575 401 3658 vivunt,
440 3575 591 3644 laudant
625 3598 769 3660 omnes,
809 3575 999 3648 imitantur
1025 3591 1144 3648 autem
1171 3602 1247 3650 non

255 3675 469 3773 admodum)
493 3671 550 3750 his
576 3677 817 3773 moribus¹⁸),
853 3691 888 3750 et
912 3675 980 3750 bac
1007 3680 1247 3752 concionandi

255 3796 290 3852 et
313 3781 351 3850 in
375 3780 557 3873 republica
580 3781 750 3852 versandi
773 3783 1029 3860 consuetudine
1050 3809 1133 3857 usos
1154 3808 1244 3855 esse:

255 3884 472 3966 Aristidem,
494 3883 665 3978 inquam,
696 3883 858 3970 Niciam,
889 3887 1140 3977 cognominem
1156 3883 1247 3960 mihi

253 3981 535 4060 Demosthenem
559 3983 641 4084 131ῑ),
666 3985 854 4061 Periclem.
905 3985 960 4058 Er
986 4015 1059 4085 quo
1082 4005 1245 4084 tempore

254 4107 375 4167 autem
394 4089 626 4186 prodierunt,
654 4089 716 4185 qui
733 4090 959 4184 interrogant
973 4118 1057 4179 vos,
1083 4089 1247 4167 rhetores

255 4197 342 4294 quid
366 4191 498 4265 vultis?
525 4191 614 4288 quid
634 4193 773 4264 leram?
807 4219 879 4290 qua
903 4195 1166 4288 integratum
1183 4224 1246 4270 vo-

1299 2034 1466 2118 Graecis,
1492 2035 1606 2105 multa
1622 2046 1742 2104 autem
1764 2035 2030 2108 constituerunt
2048 2051 2083 2106 et
2103 2037 2236 2130 praeclara

1300 2131 1493 2230 trophaea,
1519 2149 1615 2206 terra
1637 2135 1774 2230 pariter
1793 2150 1829 2206 et
1852 2137 1965 2222 mari,
1993 2164 2075 2210 cum
2093 2141 2237 2208 militarent

1300 2239 1379 2336 ipsi.
1431 2239 1507 2310 Soli
1524 2264 1608 2310 vero
1625 2234 1837 2324 bominum,
1863 2241 2042 2312 maiorem
2059 2242 2176 2312 invidia'
2187 2251 2237 2332 post

1299 2368 1336 2414 se
1353 2356 1666 2434 rerumgestarum
1685 2341 1839 2433 gloriam
1854 2345 2091 2440 reliquerunt.
2124 2343 2238 2416 lurebu

1294 2445 1408 2539 igitur
1423 2447 1646 2516 Graecorum
1670 2458 1774 2515 erant
1797 2447 1896 2522 tales.
1950 2448 2136 2519 Caeterum
2152 2449 2183 2516 in
2197 2445 2239 2513 rei·

1299 2549 1463 2643 publicae
1485 2548 1638 2642 negotiis
1660 2543 1796 2638 videte,
1819 2551 1943 2643 quales
1969 2565 2005 2620 et
2019 2553 2151 2646 publice
2165 2549 2200 2646 ις)
2218 2571 2238 2616 se

1300 2652 1471 2744 gesserint
1498 2665 1533 2722 et
1556 2650 1737 2745 privatim.
1795 2649 1889 2723 Nam
1913 2654 2057 2746 publice
2081 2669 2163 2726 certe
2180 2651 2260 2721 aedi·¹

1299 2755 1377 2826 licia
1401 2753 1470 2852 ¹⁸),
1509 2767 1544 2825 et
1570 2756 1677 2825 talem
1703 2755 1884 2849 quandam
1906 2757 2118 2849 elegantiam
2142 2783 2175 2826 ae
2192 2767 2240 2822 tan-

1299 2872 1374 2928 tam
1397 2870 1574 2951 pararunt
1593 2857 1695 2941 urbi,
1730 2858 1946 2951 templorum
1974 2862 2150 2944 videlicet,
2177 2855 2239 2926 etin

1300 2961 1427 3034 iisdem
1468 2974 1816 3048 monumentorum,
1863 2973 1906 3033 ut
1938 2965 2032 3036 nulli
2064 2975 2239 3058 posterorum

1299 3064 1494 3136 excellendi
1530 3063 1575 3136 sit
1611 3063 1755 3134 relictus
1786 3063 1896 3136 locus.
1961 3065 2012 3138 At
2049 3064 2196 3161 privatin
2213 3060 2238 3150 ¹)

1298 3171 1347 3238 ita
1371 3167 1524 3239 modesti
1548 3180 1668 3251 erant,
1698 3179 1870 3262 tantaque
1895 3167 2082 3262 diligentia
2107 3170 2141 3238 in
2161 3166 2238 3256 reipu-

1298 3270 1413 3341 blicae
1435 3273 1551 3340 forma
1574 3284 1609 3340 et
1631 3270 1852 3363 proprietate
1878 3275 2121 3344 conservanda
2143 3289 2239 3364 perna

1298 3386 1444 3458 nentes,
1475 3388 1516 3446 ut
1537 3372 1721 3458 Aristidis,
1748 3371 1942 3461 Miltiadis,
1968 3389 2006 3446 et
2028 3377 2184 3456 aliorum,
2202 3367 2239 3462 qli

1298 3477 1619 3548 tum'exccllebant
1639 3477 1679 3545 in
1702 3476 1906 3569 republica,
1945 3480 2114 3564 domum,
2145 3469 2238 3566 siquis

1298 3581 1408 3651 modo
1431 3579 1534 3650 novit
1563 3592 1740 3663 vestrum,
1767 3603 1947 3673 quaenam
1971 3573 2239 3677 quondamtuerit

1298 3682 1419 3752 videat
1439 3682 1549 3753 vicini
1572 3685 1681 3753 domo
1705 3677 1820 3752 nihilo
1836 3707 1910 3754 esse
1927 3681 2238 3778 magnificentiorem

1299 3785 1486 3856 nonenim
1503 3809 1575 3880 quo
1591 3785 1775 3857 facultates
1791 3785 1860 3856 sibi
1877 3801 2106 3882 quaererent,
2126 3786 2158 3852 in
2169 3801 2237 3870 repu-

1297 3887 1390 3982 plica
1423 3891 1677 3968 versabantur;
1714 3891 1777 3958 sed
1809 3891 2068 3982 rempublicam
2102 3905 2203 3958 curare
2218 3901 2238 3948 st

1298 3991 1544 4088 unusquisque
1567 3989 1613 4088 ¹⁸)
1638 3992 1767 4061 debere
1787 3994 1950 4084 putabat.
2014 3995 2068 4066 Ex
2091 4019 2129 4064 eo
2149 3999 2238 4059 auten.

1299 4097 1397 4191 quod
1416 4119 1623 4166 communes
1640 4093 1862 4166 Graecorum
1877 4119 1935 4168 res
1950 4097 2119 4182 fideliter,
2142 4089 2238 4162 divino

1298 4210 1418 4269 autem
1443 4197 1522 4291 pie,
1547 4197 1707 4292 privatas
1729 4219 1816 4267 vero
1842 4200 2042 4295 aequaliter
2063 4193 2238 4270 administra·

252 4301 308 4372 bis
321 4295 477 4370 faciam?
504 4297 694 4389 absorptae
712 4310 796 4370 sunt
812 4323 870 4370 res
884 4298 985 4370 urbis
1001 4314 1140 4372 vestrae
1161 4327 1246 4395 pro·
1296 4301 1405 4385 bant,
1430 4324 1599 4392 magnam
1615 4325 1692 4371 non
1706 4300 1888 4372 immerito
1908 4303 2087 4375 consecuti
2104 4309 2175 4372 sunt
2189 4287 2236 4360 leli·

253 4405 349 4476 tinus
382 4411 532 4498 propter
561 4399 687 4486 istam,
728 4425 800 4495 qua
823 4401 995 4474 continuo
1024 4403 1097 4474 frui
1126 4405 1247 4491 vultis,

258 4543 457 4563 ..ιι-ιιι-

286 4627 318 4686 a]
337 4623 389 4674 ttls
404 4620 498 4672 verbis
515 4619 544 4670 ln
561 4618 647 4670 utttt.
668 4619 763 4684 lm,
789 4620 882 4688 lton,
908 4619 1001 4687 lm,
1021 4623 1097 4678 1687,
1116 4627 1247 4692 eppo-tte

323 4695 368 4744 est
385 4693 452 4742 nota
468 4687 603 4754 nergln.:
622 4688 732 4752 opttus
748 4699 799 4752 pro
818 4689 951 4741 susvltns
970 4693 1139 4755 aeelplende.

289 4779 337 4899 w)
355 4778 396 4895 a}
407 4777 427 4826 1.
445 4775 473 4826 tn
490 4775 541 4827 tte,
558 4774 643 4830 eutr.
661 4777 728 4827 note
745 4774 880 4840 amrin:
910 4779 952 4829 Aa
970 4780 1095 4842 exempto
1112 4780 1246 4834 metuetur

336 4860 383 4899 mr
393 4858 487 4914 μησις.

289 4937 337 4995 rt)
356 4934 390 4986 li.
409 4933 431 4989 1.
445 4931 474 4984 ln
491 4931 541 4983 tta.
560 4929 648 4984 uuit.
665 4933 734 4984 nott.
750 4930 885 4997 margin:
907 4931 1031 4998 Elegens
1049 4933 1204 4992 antithesis.

290 5023 351 5141 11)ί
358 5021 392 5072 tt.
401 5021 427 5140 ¹l.
439 5019 530 5138 lpld.
544 5017 630 5068 hell.
643 5019 709 5070 nott
722 5018 857 5084 narglns
875 5019 1123 5082 Depreeatluneela
1135 5020 1246 5091 πιρῤη.

319 5105 387 5144 σαν
414 5101 448 5140 en

289 5177 335 5237 n)
354 5175 406 5226 ltts
421 5172 518 5224 verule
537 5171 565 5222 ln
582 5171 669 5226 suta.
683 5171 779 5237 tm,
797 5171 890 5238 lm,
910 5174 1005 5238 lm..
1033 5175 1109 5228 ¹⁶87.
1134 5177 1245 5232 steort..

320 5249 370 5309 pta
387 5247 432 5294 est
449 5246 517 5293 uota
534 5240 669 5306 magle:
692 5243 787 5292 atores
805 5240 920 5306 enthul.

291 5331 359 5386 ιιι)
383 5327 426 5378 lte
451 5327 503 5376 hoe
519 5325 719 5388 Demosthene,
742 5321 911 5374 alcone-t·
936 5325 1011 5378 allo.
1036 5327 1244 5384 Atheniensium

324 5390 391 5445 dnm
409 5395 438 5444 tn
454 5393 528 5444 betto
546 5391 887 5458 Peloponnensoque.
907 5394 1013 5458 Pauly:
1031 5397 1244 5482 nest-ltreyol.
1264 5393 1272 5504 Ι
1330 5465 1343 5516 ¹

325 5465 399 5514 'tom
413 5462 446 5514 ll.
463 5474 492 5524 p.
504 5459 666 5513 tto—⁹⁶0.

1299 4404 1454 4476 citatem.
1505 4403 1683 4500 Equidem
1707 4416 1793 4473 tunc
1814 4429 1857 4474 eo
1880 4431 1955 4477 sese
1975 4419 2080 4498 paeto
2098 4427 2152 4474 res
2165 4395 2236 4467 habt

1335 4714 1382 4772 lt)
1400 4711 1434 4764 tt.
1455 4710 1474 4762 Ι.
1492 4707 1520 4759 ln
1539 4707 1589 4762 Ed.
1612 4707 1696 4758 ussrt.
1714 4709 1782 4759 nota
1799 4707 1931 4773 narrem:
1949 4707 2095 4761 Exortlolo
2111 4705 2175 4756 velut
2189 4705 2234 4774 up

1365 4781 1489 4832 attentos
1506 4789 1541 4828 ee
1558 4780 1708 4828 benevolos
1725 4777 1832 4844 rstdtt,
1853 4780 1882 4830 et
1899 4779 1964 4844 qne
1980 4776 2129 4831 temris
2144 4767 2234 4830 exaud!

1367 4849 1471 4911 utitor,
1489 4849 1612 4898 ament.
2259 4859 2260 4930 p

1333 4950 1382 5009 ld)
1399 4948 1471 5000 llule
1487 4947 1549 5000 vocl
1566 4947 1595 4997 ln
1614 4947 1699 5000 Edltt.
1716 4948 1810 5016 Μ,
1828 4949 1924 5013 lbet,
1945 4949 2035 5017 lm,
2053 4945 2122 5000 lbet.
2135 4943 2161 4994 ln
2175 4943 2231 4996 nst·
2259 4949 2260 4972 ¹

1365 5017 1508 5082 sdsorlpts
1525 5021 1570 5068 ert
1588 5018 1670 5069 nota:
1689 5017 1811 5072 Pettius.

1333 5121 1380 5252 ts)
1398 5121 1435 5244 gi
1452 5121 1472 5172 l.
1489 5119 1587 5250 lpaelpd
1605 5119 1691 5174 Ball.
1710 5123 1776 5175 note
1790 5119 1924 5188 margins
1941 5120 2097 5174 Plutarchus
2111 5115 2137 5168 ln
2147 5103 2229 5196 leticia

1382 5203 1396 5240 s
1436 5225 1444 5242 .
1462 5203 1485 5242 e.
1533 5224 1565 5241 ..

1332 5293 1381 5355 rr)
1397 5293 1468 5344 nm
1484 5293 1547 5344 vaes
1565 5293 1594 5343 n
1611 5291 1696 5346 rua.
1716 5293 1811 5360 esan,
1829 5294 1923 5358 ress,
1943 5293 2034 5358 rara,
2051 5287 2118 5341 esee.
2138 5274 2228 5348 aad·

1365 5365 1410 5414 est
1427 5364 1494 5414 nota
1510 5362 1643 5428 margin:
1661 5361 1784 5430 estesse
1819 5363 1885 5424 (tta.
1901 5363 1975 5416 tter.
1993 5358 2130 5415 retentet·

1345 5465 1377 5526 e)
1395 5465 1599 5530 unusquisque]
1620 5465 1670 5520 ua.
1689 5465 1775 5524 surr.
1793 5476 1893 5522 enare
1909 5469 2036 5534 emm
2053 5451 2210 5525 murum*
