4582 5798
272 184 372 265 sors
693 191 700 220 ¹
855 181 982 262 nuru
1015 181 1130 258 unt.
1159 161 1365 258 smum
1398 185 1738 262 rumorosus
1798 281 1802 291 ¹
2178 197 2236 269 tus

366 362 494 456 Neque
512 373 632 430 tamen
647 358 732 428 volo
749 381 816 428 nos
830 357 959 428 stolide
974 357 1197 450 permittere,
1222 371 1263 428 ut
1314 381 1355 431 ac
1370 359 1507 432 dolore.
1559 361 1628 432 Sed
1646 375 1796 455 propter
1808 361 2018 454 gravitatem
2033 362 2126 434 simol
2140 379 2166 434 et
2176 369 2238 436 belli

263 465 380 540 socios
395 465 528 535 iniuria
546 461 716 543 alliciant,
740 473 777 530 et
791 485 867 530 aon
884 485 1072 531 occurrere
1089 461 1262 530 insidian-
1313 462 1388 532 cosi
1403 474 1439 532 et
1453 465 1700 556 circumspecti
1713 491 1852 536 sumus:
1879 466 2054 550 bellicosi,
2078 467 2148 560 quia
2165 473 2239 560 pudor

263 569 378 654 tibus,
404 569 467 640 sed
482 567 644 636 nondum
661 587 806 635 morere
823 564 971 634 bellum.
1010 561 1165 656 Legatos
1180 564 1262 632 mit·
1313 589 1394 634 cum
1411 567 1586 656 graviede
1604 569 1815 640 coniunctus
1833 582 1906 652 est,
1931 581 1968 638 et
1984 593 2059 638 cum
2074 573 2185 661 pudore
2195 599 2240 640 ns

263 687 404 756 tamus,
429 682 465 740 et
481 692 686 740 accrrsemus
709 691 791 749 eos,
824 667 988 737 nondum
1011 667 1144 737 bellum
1170 665 1262 736 indi·
1313 668 1464 757 gnitudo
1490 669 1619 751 animi;
1653 671 1900 764 circumspecti
1925 687 2012 740 vero
2038 695 2160 756 sumus,
2190 676 2239 768 qnia

265 789 404 858 cantes,
444 797 509 842 nee
541 783 663 841 tamen
692 769 875 838 licentiam
900 769 1153 862 progrediendi
1177 767 1262 862 ipsis
1313 769 1362 840 sic
1383 770 1623 857 instituimur,
1665 787 1705 844 ut
1727 774 1838 846 simus
1861 773 2092 858 indoctiores,
2126 793 2240 868 quand

264 879 510 956 concedentes.
572 870 713 944 Interea
745 895 832 942 vero
854 897 921 944 uos
945 872 1185 956 instruamus,
1227 884 1263 942 et
1313 872 1406 965 leges
1422 887 1705 960 contemnamus,
1731 891 1767 947 et
1781 878 1938 948 severius
1953 875 2105 967 regimur
2116 901 2242 972 cunque

263 981 378 1054 socios
395 979 500 1051 nobis
516 977 753 1066 adiungamus
768 974 925 1046 Graecos
947 987 982 1044 et
1005 975 1199 1058 barbaros,
1231 975 1262 1045 si
1313 978 1396 1044 dam
1415 979 1620 1068 asperitate,
1647 1002 1757 1074 quam
1774 993 1904 1049 utnon
1919 981 2069 1050 velimus
2083 980 2127 1050 eis
2139 983 2242 1052 obedire.

265 1082 415 1180 quinos
439 1082 547 1152 classe
571 1090 606 1151 et
627 1077 780 1170 pecnnia
807 1079 931 1148 invare
957 1091 1118 1170 possunt.
1178 1077 1261 1150 Non
1313 1077 1360 1148 Et
1378 1079 1429 1150 sic
1450 1081 1638 1152 assuefacti
1658 1107 1802 1165 sumtis,
1835 1107 1911 1152 non
1934 1095 1974 1152 ut
1994 1083 2159 1175 sapientes
2176 1085 2244 1154 sinu

264 1187 360 1258 enirn
376 1179 713 1278 reprehendendum
732 1191 804 1264 est,
828 1181 858 1252 si
874 1177 934 1264 hi,
968 1181 1031 1275 qui
1051 1179 1184 1250 iniuria
1211 1182 1262 1251 af·
1314 1183 1351 1252 in
1365 1185 1471 1253 rebus
1485 1183 1672 1256 inutilibus
1687 1187 1873 1277 splendida
1897 1185 2082 1269 oratione,
2111 1182 2200 1256 hostes
2213 1185 2245 1252 n‘·

264 1290 433 1362 ficiuntur
448 1285 664 1358 defensionis
678 1307 763 1354 suae
780 1307 905 1368 causa,
932 1307 1006 1352 non
1022 1285 1138 1354 solum
1149 1283 1261 1354 Grae·
1314 1297 1539 1376 inpertemus,
1574 1311 1640 1356 nec
1662 1301 1850 1381 propterea
1873 1287 1974 1359 factis
1998 1311 2060 1358 eos
2080 1292 2246 1378 attingamus,

177 1403 181 1414 '
264 1419 343 1478 cos,
369 1393 433 1463 sed
458 1390 566 1459 etiam
589 1387 764 1458 barbaros
786 1386 855 1456 sibi
878 1385 1086 1477 adiungant.
1145 1385 1261 1458 Simul
1312 1389 1374 1456 sed
1388 1387 1670 1461 existimabimus
1686 1389 1795 1460 etiam
1817 1391 1907 1462 alios
1928 1391 2050 1460 valere
2071 1393 2247 1472 consilio,et

264 1510 300 1568 et
330 1519 373 1566 ex
401 1492 534 1564 nostris
558 1489 785 1560 facultatibus
808 1488 999 1582 pecuniam
1024 1491 1261 1560 conferamus.
1312 1491 1480 1563 fortuitos
1494 1515 1595 1564 casus
1610 1517 1684 1562 non
1701 1519 1804 1585 posse
1819 1494 1976 1587 prospici
1991 1517 2131 1576 omnes,
2150 1507 2177 1562 et
2186 1497 2247 1562 fadis

263 1600 316 1669 Ac
336 1597 368 1669 si
387 1592 623 1668 Athenienses
648 1591 795 1662 audient
816 1604 960 1664 nostros
979 1593 1136 1683 legatos,
1170 1594 1261 1662 bene
1313 1593 1399 1684 ipsis
1413 1617 1481 1667 nos
1494 1619 1752 1688 praeparamus
1766 1599 1935 1668 adversus
1953 1593 2074 1666 hostes
2092 1597 2248 1665 ratiocinia

264 1725 381 1773 seres
406 1695 557 1778 habent;
600 1697 800 1767 sinautem
824 1717 901 1765 non
921 1695 1087 1780 audient,
1129 1695 1262 1766 exactis
1313 1707 1385 1778 tes,
1412 1697 1498 1792 quid
1515 1698 1583 1790 ipsi
1599 1710 1770 1792 tanquam
1787 1694 1950 1769 homines
1972 1724 2051 1769 non
2073 1699 2162 1768 stulti
2180 1699 2249 1766 acturi

263 1805 405 1876 duobus
422 1813 484 1871 aut
499 1799 613 1870 tribus
628 1799 752 1882 annis,
777 1797 906 1868 melius
922 1798 1053 1868 muniti
1076 1823 1137 1869 eos
1160 1798 1261 1868 inva-
1312 1797 1403 1882 sint,
1444 1825 1510 1870 nec
1537 1803 1695 1892 pendent
1716 1803 1820 1873 nobis
1845 1826 1925 1894 spes
1947 1826 1989 1871 ex
2015 1803 2127 1871 aliena
2147 1801 2249 1892 ignavis,

264 1909 410 1988 demus,
449 1927 490 1974 ac
521 1901 682 1973 fortassis
708 1913 899 1994 conspecto
922 1914 1047 1972 nostro
1072 1913 1261 1994 apparatu,
1313 1903 1374 1972 sed
1402 1925 1444 1971 ex
1466 1915 1589 1976 nostra
1612 1905 1796 1996 diligentia
1821 1919 1856 1974 et
1878 1903 2189 1996 circumspectione.
2222 1901 2249 1968 lt

263 2023 300 2082 et
329 2007 462 2078 auditis
492 2004 800 2088 accusationibus,
849 2027 940 2098 quae
971 2027 1053 2074 cum
1083 2017 1261 2096 apparatu
1313 2005 1588 2076 existimandum
1611 2019 1683 2091 est,
1722 2005 1886 2079 homines
1907 2031 1984 2076 non
2006 2009 2152 2078 multum
2170 2019 2248 2074 nstra

264 2121 488 2202 congruunt,
532 2107 670 2178 lucilius
694 2103 798 2178 nobis
823 2109 968 2190 cedent,
1008 2130 1089 2177 cum
1114 2108 1258 2201 quidem
1312 2107 1457 2178 interse
1472 2109 1636 2194 differre,
1662 2113 1723 2181 sed
1740 2136 1800 2182 eos
1817 2112 2050 2195 antecellere,
2076 2109 2249 2205 quiinrebn

189 2211 192 2218 “
262 2215 425 2286 nondum
442 2211 492 2282 eis
506 2209 585 2301 agri
597 2209 727 2282 vastati
743 2221 866 2290 erunt;
896 2209 1009 2300 magis
1025 2211 1122 2280 enim
1139 2210 1261 2280 volent
1313 2213 1519 2284 necessariis
1534 2225 1630 2283 recte
1645 2213 1799 2284 instituti
1815 2227 1910 2285 suut.
2270 2285 2271 2306 ,

261 2339 406 2390 servare
423 2337 480 2386 res
496 2313 665 2404 integras.
715 2311 926 2385 Existimate
943 2312 1039 2382 enim
1057 2337 1182 2404 agrum
1200 2337 1261 2382 eo·
1415 2313 1499 2388 Non
1515 2315 1623 2408 igitur
1640 2317 1848 2388 abiiciamus
1863 2315 2028 2386 instituta
2049 2312 2204 2383 maiorum
2216 2333 2271 2414 nep

263 2443 345 2492 rum
362 2417 467 2488 nobis
483 2418 644 2510 pignoris
660 2417 740 2489 loco
757 2440 853 2500 esse,
879 2416 1089 2508 praesertim
1106 2440 1181 2485 non
1198 2439 1260 2484 va·
1312 2427 1491 2502 strorurn,
1530 2443 1623 2514 quae
1656 2443 1798 2512 semper
1828 2421 2048 2512 profuemnt
2077 2417 2186 2496 nobis,
2216 2417 2271 2480 oet*

263 2536 417 2605 statum,
456 2522 513 2589 cni
538 2532 574 2589 et
596 2521 642 2590 ob
665 2515 759 2590 hene
779 2543 923 2589 causam
952 2521 1171 2611 parcendum
1196 2531 1259 2602 est,
1311 2520 1418 2592 unius
1434 2520 1505 2590 diei
1520 2535 1705 2592 momento
1729 2535 1926 2594 statuamus
1950 2523 1994 2590 de
2019 2533 2076 2590 tot
2094 2516 2252 2594 hominibus

263 2651 309 2698 ne
327 2625 577 2716 desperatione
593 2623 684 2692 moti
700 2635 823 2714 postea
840 2621 960 2692 minus
975 2623 1114 2692 cedant.
1165 2621 1258 2692 Nam
1312 2621 1479 2708 urbibus,
1512 2627 1759 2708 facultatibus,
1794 2636 1830 2694 et
1852 2627 1896 2694 de
1916 2623 2035 2716 gloria
2068 2619 2252 2698 nostrmsd

259 2729 294 2802 si
309 2724 480 2822 imparati
493 2725 648 2820 querelis
664 2724 844 2796 sociorum
862 2724 1028 2817 impulsi,
1056 2747 1180 2816 agrum
1199 2747 1260 2792 va·
1312 2727 1374 2796 fiat
1388 2729 1599 2798 deliberatio
1618 2729 1748 2800 sedatis
1765 2728 1915 2810 animis,
1941 2729 2046 2820 quod
2065 2749 2085 2793 a
2107 2723 2194 2794 nobis
2211 2718 2253 2790 fied

262 2831 454 2912 stabimus,
479 2830 617 2914 videte,
651 2853 696 2898 ne
711 2825 962 2921 Peloponneso
979 2828 1059 2920 plus
1076 2826 1260 2898 dedecoris
1313 2843 1429 2921 potest
1444 2844 1593 2924 propter
1613 2831 1825 2924 potentiam.
1878 2833 1930 2900 Ac
1951 2831 2092 2921 legatos
2112 2823 2254 2896 mittitesl

262 2949 299 3007 et
315 2935 532 3004 damnorum
547 2933 696 3003 accidat.
748 2931 1003 3004 Accusationes
1024 2930 1120 3000 enim
1143 2930 1260 3023 publi·
1311 2929 1547 3005 Athenienses
1563 2935 1607 3004 de
1623 2931 1802 3004 sociorum
1819 2933 1973 3016 iniuriis,
1998 2931 2253 3024 praesertimou

261 3061 323 3109 cae
339 3049 374 3108 et
386 3035 550 3128 privatae
566 3034 725 3127 extingui
740 3047 910 3127 possunt;
928 3035 1063 3104 bellum
1080 3057 1166 3104 vero
1182 3057 1260 3102 mo·
1312 3035 1358 3104 ad
1381 3037 1512 3106 iudicia
1538 3049 1747 3130 provocent.
1812 3037 1887 3110 Nec
1911 3059 1999 3105 vero
2023 3035 2202 3126 legitimum
2220 3041 2254 3103 sl

261 3155 339 3212 tum
357 3138 402 3207 ab
416 3139 610 3221 universis,
642 3137 743 3208 cuius
766 3136 880 3209 exitus
901 3137 1058 3208 incertus
1083 3149 1154 3220 est,
1184 3160 1259 3206 non
1312 3160 1385 3222 eos,
1413 3141 1475 3234 qui
1490 3142 1535 3208 ad
1552 3139 1682 3210 iudicia
1697 3165 1734 3212 se
1749 3140 1923 3223 offerunt,
1947 3139 2122 3206 invadere
2135 3149 2253 3228 tanquam

261 3241 364 3316 facile
381 3239 516 3333 deponi
532 3252 661 3332 potest.
1311 3241 1442 3314 iniuste
1456 3243 1647 3326 facientes,
1674 3267 1715 3313 ac
1729 3243 1836 3314 simul
1858 3243 1993 3312 interea
2019 3241 2141 3310 omnia
2162 3239 2196 3306 ad
2211 3233 2252 3302 bel·
2269 3267 2270 3270 ¹

364 3343 439 3414 Nec
460 3343 625 3413 videatur
647 3365 721 3412 esse
745 3341 938 3423 timiditas,
967 3341 1065 3433 quod
1088 3363 1165 3408 non
1188 3351 1259 3410 sta·
1310 3344 1386 3416 lum
1412 3359 1547 3436 parate.
1613 3345 1692 3414 Hoc
1716 3346 1905 3416 consilium
1929 3345 1998 3414 erit
2022 3342 2253 3415 utilissimunel

262 3447 328 3519 tim
343 3445 549 3516 invadimus
564 3469 675 3517 unam
692 3445 821 3514 urbem
834 3441 951 3513 multi.
1001 3441 1094 3513 Sunt
1106 3442 1203 3512 euim
1224 3455 1261 3510 et
1311 3445 1473 3520 hostibus
1488 3448 1660 3518 terribile.

260 3551 332 3622 illis
347 3548 436 3621 socii
452 3573 528 3619 non
545 3549 755 3642 pauciores,
782 3545 988 3641 etquidem
1013 3544 1147 3614 tributa
1171 3569 1258 3636 pen·
1630 3618 1639 3634 ‚

259 3656 406 3737 dentes,
432 3653 523 3723 etin
544 3652 639 3722 bello
663 3674 739 3721 nnn
761 3651 880 3723 solum
905 3647 1034 3732 armis,
1064 3649 1126 3720 sed
1150 3647 1258 3718 etiam
1371 3667 1374 3676 ¹
1508 3617 1671 3691 0¹²¹¹⁰
1698 3613 2112 3712 sthenelaldstul·

259 3755 413 3852 pecunia
429 3779 519 3848 ⁰1>OE
534 3765 604 3838 ⁸⁸²2
630 3775 704 3850 (111³
719 3755 811 3824 fiunt
824 3775 927 3823 ³¹⁰¹&
943 3750 1066 3835 Utilia,
1098 3774 1259 3844 praescr·
1413 3754 1579 3848 Longam
1595 3753 1797 3824 orationem
1814 3748 2092 3824 Atheniensium
2108 3773 2174 3820 non
2192 3739 2253 3812 inid

260 3861 326 3932 tim
343 3881 424 3928 cum
437 3882 504 3928 nos
519 3871 637 3941 terra,
663 3879 739 3927 non
754 3854 865 3940 mari,
888 3854 1022 3926 bellurn
1038 3877 1162 3946 gerere
1176 3878 1259 3947 pns-
1310 3859 1404 3951 ligo,
1429 3858 1469 3929 in
1484 3881 1555 3954 qua
1570 3881 1645 3929 sese
1661 3855 1806 3951 quidem
1824 3857 1928 3926 valde
1945 3856 2118 3936 laudant,
2146 3851 2196 3924 sed
2211 3865 2252 3914 nor
2269 3925 2270 3928 Ἴ

260 3961 384 4036 simus.
447 3959 556 4031 Prius
585 3959 696 4052 igitur
725 3982 793 4031 nos
822 3956 1031 4050 colligamus
1055 3956 1259 4049 pecuniam,
1312 3963 1507 4034 ostendunt
1528 3985 1565 4033 se
1589 3983 1666 4030 nou
1688 3961 1828 4028 afficere
1853 3958 1985 4030 iniuria
2006 3957 2134 4028 socios.
2188 3943 2252 4042 Qud

190 4125 193 4130 .
261 4089 328 4136 nec
345 4067 456 4134 antea
468 4086 536 4134 nos
551 4061 778 4134 sermonibus
799 4060 982 4132 sociorum
1007 4060 1145 4152 impelli
1164 4061 1258 4130 sina·
1311 4090 1397 4135 vero
1417 4067 1587 4136 adversus
1599 4062 1727 4134 Medos
1743 4074 1849 4130 antea
1863 4061 1953 4132 boni
1967 4062 2132 4142 fuersmt,
2155 4068 2184 4124 et
2196 4051 2270 4140 ont,

260 4194 352 4241 mus.
402 4164 496 4238 Nam
514 4165 719 4261 quicunque
734 4177 842 4236 erunt
859 4162 985 4248 exitus,
1010 4162 1050 4232 in
1064 4186 1131 4233 uos
1146 4163 1259 4255 magis
1311 4169 1481 4241 adversus
1494 4191 1562 4239 nos
1577 4165 1666 4238 mali
1680 4177 1783 4248 sunt,
1808 4165 1943 4257 duplici
1957 4187 2077 4256 poena
2092 4160 2179 4252 digni
2196 4163 2252 4230 sul
2269 4207 2270 4220 .

260 4293 367 4343 causa
385 4271 601 4343 conferetur.
651 4267 728 4342 Nos
744 4267 854 4360 igitur
869 4265 983 4358 magis
998 4264 1259 4359 prospiciamus
1311 4275 1410 4366 quod
1426 4297 1469 4342 ex
1490 4269 1596 4342 bouis
1616 4268 1704 4338 mali
1725 4267 1812 4338 facti
1834 4280 1930 4340 sunt.
1987 4267 2063 4360 Qui
2086 4267 2116 4336 si
2134 4261 2252 4354 sapimus

262 4373 434 4467 pericula.
1310 4398 1387 4445 non
1402 4374 1622 4467 negligemus
1636 4371 1817 4443 sociorum
1835 4383 2044 4442 nostrornm
2061 4367 2204 4446 iniurias,
2218 4375 2253 4426 ru

363 4477 439 4549 Nec
452 4479 588 4570 pudeat
603 4499 689 4559 vos,
715 4474 814 4569 quod
835 4466 1111 4565 reprehenditur
1133 4471 1172 4539 in
1193 4493 1259 4540 1¹0·
1311 4479 1518 4548 differemus
1532 4475 1728 4559 ultionem,
1752 4497 1835 4550 cum
1850 4475 2012 4567 ipsorum
2026 4497 2103 4543 non
2120 4467 2252 4540 durren

222 4622 226 4640 ι
259 4575 315 4648 bis
329 4579 479 4652 tarditas
489 4593 525 4650 et
541 4576 740 4658 cunctatim
771 4601 858 4648 nam
875 4576 1105 4670 properando
1124 4576 1171 4645 ad
1186 4574 1273 4660 belss
1311 4581 1457 4653 iniuria.
1524 4578 1605 4651 Sint
1623 4601 1709 4649 sane
1732 4577 1794 4646 alii
1818 4589 1982 4670 potentes
2002 4573 2167 4669 pecunia,
2191 4559 2252 4674 aad⁸

259 4679 337 4750 lum
359 4694 484 4772 postea
505 4681 643 4754 tardius
664 4679 769 4752 finire
799 4679 969 4774 possetis,
1008 4677 1094 4774 quia
1118 4689 1258 4748 motum
1311 4687 1398 4770 bns,
1430 4683 1550 4778 equis;
1590 4693 1628 4751 at
1649 4705 1717 4751 nos
1740 4679 1861 4752 fideles
1880 4681 1996 4753 socios
2016 4675 2249 4758 habersuam

262 4793 354 4854 esset
376 4782 423 4853 ab
447 4784 657 4877 imparatis,
696 4796 733 4854 et
762 4782 847 4877 quia
877 4781 1060 4852 civitatem
1085 4776 1259 4858 hahemus
1311 4812 1388 4858 non
1401 4800 1485 4859 sunt
1500 4784 1680 4879 prodendi
1693 4778 1983 4856 Atheniensibus.
2042 4783 2116 4856 Nec
2134 4781 2192 4848 iam
2205 4787 2248 4880 νέξ·

261 4885 415 4956 liberam
447 4897 482 4954 et
514 4888 629 4977 gloria
664 4887 955 4970 antecellentem,
995 4883 1112 4954 videri
1140 4894 1260 4976 potest
1310 4891 1366 4963 his
1381 4891 1592 4963 certandum
1608 4889 1713 4959 estin
1730 4887 1885 4972 iudiciis,
1911 4913 1993 4959 cum
2007 4909 2084 4956 non
2097 4873 2246 4956 sintvedu

260 4989 421 5061 conlatio
443 4989 606 5060 consulto
630 5003 805 5082 suscepta.
870 4987 946 5060 Soli
968 4985 1067 5058 enim
1088 4988 1127 5056 in
1152 4987 1260 5058 rebus
1310 5008 1453 5067 tantum
1468 4993 1575 5076 laesi;
1606 4990 1669 5062 sed
1691 4989 1762 5060 cito
1785 5003 1822 5061 et
1841 4991 2008 5062 omnihus
2027 4988 2155 5058 viribus
2167 4973 2249 5074 punis

147 5131 152 5142 ·
260 5092 425 5166 secundis
437 5115 514 5164 non
528 5116 652 5170 sumus
666 5093 881 5177 insolentes,
907 5090 996 5162 etin
1009 5088 1167 5162 adversis
1183 5113 1258 5160 non
1310 5123 1391 5170 mue
1404 5093 1536 5170 hostes,
1577 5095 1651 5168 Nec
1666 5095 1793 5165 docear
1807 5119 1874 5166 110³
1890 5095 2079 5190 quiequam
2094 5085 2246 5186 tunsione}

261 5195 463 5287 frangimur
487 5194 629 5268 animis.
684 5194 760 5268 Nec
783 5195 976 5266 incitamur
1000 5193 1187 5277 laudibus,
1218 5204 1259 5262 ut
1311 5201 1569 5272 deliberatione
1589 5199 1764 5270 utendum
1789 5223 1882 5283 esse,
1927 5223 2006 5270 cnm
2028 5188 2150 5266 iniuria
2171 5183 2245 5255 adan

262 5297 403 5370 deliniti
436 5299 639 5392 voluptate,
677 5309 821 5390 praeter
851 5309 1012 5368 nostram
1043 5297 1255 5369 senteutiam
1311 5357 1518 5374 .........
1613 5305 1616 5312 “

262 5395 401 5488 aliquid
422 5424 651 5484 moveamus,
693 5423 761 5471 nec
783 5399 938 5472 accusati
961 5398 1183 5492 impellimur
1202 5400 1258 5470 ira
1346 5435 1393 5498 ιω
1414 5438 1536 5505 rsueye
1553 5437 1576 5504 1,
1593 5435 1637 5490 et.
