4676 5802
49 169 141 248 soso
208 213 211 218 ·
276 167 384 244 ιιιιι.
437 109 836 248 munerario
861 161 1159 245 onsuouuu
1181 165 1247 244 ax
1269 167 1566 245 ἰιιιισιιιιιιιιε
1592 170 1742 245 anno
1763 173 1823 251 ιιι.
1976 184 2082 258 soso

140 339 292 415 Nessus
312 315 463 420 iniami'a
487 344 661 429 numetis,
696 346 782 416 dum
808 333 945 416 alienae
967 367 1031 412 vo·
1082 339 1378 415 luisseruusenim
1395 343 1601 438 turpissima
1615 355 1745 431 morte,
1766 303 1861 420 fame
1876 353 1989 437 mori3
2016 353 2080 428 sed
2194 337 2196 342 ι
2255 375 2257 384 ’

48 442 168 538 luptati
183 443 444 536 gratificemini.
499 446 626 518 Brevis
640 447 739 518 enim
752 448 856 518 labor
870 459 941 530 est,
966 469 1033 514 no·
1083 444 1186 516 vobis
1208 447 1333 518 conlisi
1353 447 1539 521 exivimus.
1605 439 1748 542 Quare,
1785 451 1817 523 si
1840 478 1904 526 vos
1924 459 2001 530 noia
2022 483 2083 530 er·

48 560 114 620 stra
143 549 296 640 corpora
323 547 541 636 interlicere,
579 553 641 621 sed
672 549 859 620 infamiam
888 549 1033 619 abolere
1085 569 1253 634 oramus,
1285 551 1418 622 iustum
1441 563 1513 635 est,
1545 573 1613 622 nos
1636 551 1675 621 in
1699 553 1826 624 urbem
1848 557 2003 650 remitti,
2038 585 2082 633 ac

49 648 186 720 difficile
200 649 280 722 erit.
341 650 426 724 Non
447 651 542 722 enim
566 647 692 724 hostili
716 675 799 746 erga
822 677 886 726 vos
909 651 1033 721 animo
1085 651 1245 736 concedi,
1268 663 1309 723 ut
1324 654 1564 748 quodcunque
1578 654 1778 747 periculum
1794 657 1978 752 eligamus.
2009 661 2085 735 Dc-

47 750 190 837 fuimus,
213 753 275 824 sed
291 753 422 826 unico.
471 753 577 828 Nunc
591 768 710 826 autem
725 756 841 827 coacti
858 777 960 828 arma
975 777 1034 846 ge·
1085 751 1196 848 nique
1218 754 1545 842 obtestamur'vos,
1580 779 1628 826 ne
1649 781 1717 830 nos
1738 758 1987 851 Plataeenses,
2020 767 2086 862 qui

48 854 153 926 rimus
185 877 253 948 pro
284 856 492 929 defensione
520 871 667 929 nostrae
681 858 851 931 'civitatis
903 854 1033 951 'ltaque
1085 855 1219 927 ferimus
1233 857 1494 950 promptissimi
1507 860 1548 928 in
1561 860 1769 932 defensione
1778 863 1963 954 Graeciae,
1986 865 2085 939 The·

47 979 205 1058 coucessa
228 958 335 1030 nobis
356 958 451 1045 vita,
491 973 614 1052 postea
643 963 687 1034 de
710 985 826 1055 poena
850 959 941 1032 iuste
965 973 1036 1030 sta·
1085 958 1210 1044 banis,
1249 959 1314 1055 qui
1342 961 1447 1032 nobis
1474 961 1713 1034 inimicissimi
1735 980 1839 1053 sunt,
1880 970 2019 1042 dedatis
2042 997 2086 1042 ex

49 1059 149 1143 toite,
182 1083 262 1131 cum
285 1061 432 1156 quidem
456 1063 614 1136 dediticii
636 1079 672 1134 et
693 1064 870 1158 supplices
893 1087 1036 1143 sumns;
1088 1060 1215 1134 vestris
1228 1063 1418 1148 manibus,
1452 1083 1536 1134 cum
1550 1065 1654 1136 vobis
1667 1069 1845 1161 supplices
1860 1072 1946 1144 facti
1963 1074 2087 1147 simus.

48 1161 129 1234 tales
153 1173 273 1234 autem
299 1164 463 1236 occidere
484 1163 543 1238 ler
563 1163 735 1242 Graeciae
756 1179 865 1246 vetat.
926 1165 1037 1236 Prae·
1088 1164 1157 1236 Sed
1174 1164 1249 1236 sitis
1266 1179 1467 1237 servatores
1481 1167 1611 1252 nostri,
1626 1191 1705 1255 nec,
1719 1193 1801 1240 cum
1811 1173 1966 1247 aliorum
1974 1177 2088 1248 Grae·

49 1277 137 1334 terea
165 1265 334 1338 omnibus
358 1270 584 1362 temporibus
601 1270 849 1341 benefecimus
876 1267 1036 1341 Graecis.
1088 1291 1214 1340 corum
1229 1267 1440 1341 liberatores
1455 1269 1554 1366 sitis,
1578 1292 1646 1342 nos
1660 1274 1831 1364 perdatis.
1942 1283 1947 1296 “

47 1366 223 1460 Adspicite
250 1363 310 1440 hic
339 1383 375 1440 et
402 1368 590 1464 sepulchra
618 1373 799 1444 maionem
821 1384 1037 1454 vestrorum,
1409 1437 1419 1456 ,

48 1470 171 1564 quibus
200 1471 395 1549 interfectis
421 1499 444 1543 a
468 1467 609 1560 Persis,
644 1464 779 1570 vestitu⁸
804 1486 849 1586 et⁸
866 1472 1038 1568 primitiis
1285 1437 1453 1510 ΟΜΝ
1482 1433 1813 1516 Thib³¹¹⁰¹¹¹¹¹²
1825 1444 1887 1543 ⁸¹)-

45 1573 241 1660 fructuum,
283 1601 374 1670 quos
397 1591 523 1649 nostra
548 1592 644 1650 terra
674 1579 807 1673 gignit,
843 1576 1038 1672 quotannis
1191 1572 1278 1648 Non
1298 1575 1597 1668 postulassemus,
1630 1580 1800 1665 utnobis
1822 1582 1941 1654 dicere
1964 1607 2091 1654 conce-

45 1675 185 1748 inlerias
204 1677 376 1764 facimus,
408 1692 583 1775 tanquam
608 1682 716 1752 amici
743 1683 782 1752 in
810 1691 908 1751 terra
935 1678 1039 1750 vobis
1090 1678 1256 1763 deretur,
1279 1677 1311 1748 si
1325 1677 1385 1750 isti
1399 1677 1605 1752 etbreviter
1628 1681 1676 1752 ad
1696 1681 1918 1777 interrogata
1939 1709 2090 1781 respou-

48 1779 176 1864 amica,
202 1775 340 1852 etsocii
358 1783 683 1869 commilitonibus,
710 1784 842 1880 quibus
865 1806 931 1853 vos
954 1805 1039 1854 con·
1091 1781 1246 1866 dissent,
1268 1793 1315 1864 ,et
1330 1804 1408 1852 non
1429 1781 1594 1852 conversi
1616 1796 1743 1854 contra
1766 1809 1854 1872 nos,
1887 1787 1995 1881 longa
2020 1789 2091 1860 eri-

46 1883 152 1952 tracia
171 1883 292 1954 facere
314 1884 489 1958 iniustum
511 1900 613 1959 essct.
673 1885 907 1962 Considerate
929 1885 1055 1970 euim,
1091 1883 1292 1955 minatione
1315 1907 1382 1954 nos
1408 1897 1650 1971 accusassent,
1683 1899 1720 1957 et
1738 1901 1837 1958 extra
1861 1891 2104 1983 propositum*

42 1983 240 2058 Pausanias
268 1987 448 2082 sepeliens·
472 2013 534 2061 eos
554 1988 729 2061 iudicavit
749 2015 787 2062 se
809 2011 937 2060 eorum
962 2011 1040 2059 cor·
1092 1987 1236 2059 neurius
1251 1997 1439 2058 accusante
1452 2011 1528 2058 sese
1543 2003 1786 2076 excusassent,
1813 2003 1849 2062 et
1867 1994 2013 2065 nemine
2037 1995 2091 2065 vi·

39 2111 126 2180 pora
143 2088 183 2159 in
199 2101 301 2160 terra
317 2089 433 2162 amica
449 2095 604 2167 condere
621 2105 657 2166 et
673 2095 771 2187 apud
787 2091 934 2165 amicos.
964 2089 1041 2166 llos
1092 2101 1282 2184 tuperante
1304 2112 1380 2161 sese
1395 2090 1615 2164 laudassent.
1675 2090 1781 2164 Nunc
1803 2119 1891 2166 vero
1915 2099 2093 2192 quaedam

42 2205 177 2278 autem,
203 2193 320 2266 sinos
332 2191 522 2281 occidetis,
548 2208 584 2266 et
606 2197 756 2267 tradetis
778 2209 941 2268 nostram
969 2205 1041 2264 ter·
1093 2193 1281 2264 infitianda
1303 2203 1408 2276 sunt,
1440 2192 1616 2287 quaedam
1632 2194 1784 2287 prolatis
1798 2201 2019 2289 argumentis
2037 2223 2096 2270 re-
2153 2275 2157 2286 q

40 2317 113 2366 ram
147 2291 359 2381 Thebanis,
403 2297 615 2395 relinquetis
642 2299 799 2372 maiores
831 2311 970 2370 vestros
1000 2296 1040 2366 in
1092 2298 1261 2380 futanda,
1285 2319 1333 2366 ue
1349 2293 1400 2366 eis
1418 2307 1481 2365 aut
1495 2307 1618 2366 nostra
1639 2297 1876 2390 negligentia,
1907 2315 1973 2373 aut
1996 2304 2094 2396 ipso·

40 2411 131 2469 terra
152 2395 303 2484 hostili,
341 2410 379 2469 et
406 2402 505 2494 apud
536 2401 781 2474 interfectores
802 2401 880 2474 sine
900 2396 1042 2471 honore
1093 2424 1175 2472 rum
1192 2398 1309 2492 prosit
1323 2395 1508 2472 iactantia.
1556 2395 1632 2472 Vos
1648 2413 1768 2472 autern
1784 2404 1926 2496 cognita
1940 2405 2093 2476 veritate

38 2502 190 2574 funebri.
258 2501 453 2573 Praeterea
476 2517 512 2574 et
535 2517 688 2590 terram,
729 2507 770 2575 in
792 2529 862 2602 qua
887 2502 1041 2577 Graecia
1092 2506 1138 2574 dc
1152 2500 1314 2597 utrisque
1329 2499 1506 2574 iudicetis.

39 2607 207 2677 servitute
231 2603 382 2675 liberata
406 2617 477 2691 est,
501 2607 670 2700 redigatis
691 2609 730 2696 in
753 2607 983 2692 servitutem,
1007 2618 1044 2677 et
1197 2603 1312 2676 Causa
1328 2627 1436 2688 vero,
1462 2598 1595 2677 curhis
1612 2602 1751 2677 inimici
1762 2609 1848 2680 facti
1860 2629 1999 2696 sumus,
2021 2610 2098 2706 pri·

39 2709 171 2803 templa
193 2706 384 2793 Deorum,
417 2709 548 2804 quibus
568 2710 744 2785 invocatis
760 2711 862 2783 Medi
883 2707 1043 2806 superati
1093 2703 1257 2778 mahaec
1272 2717 1337 2778 est.
1373 2704 1466 2779 Cum
1474 2705 1660 2796 Plataeam
1676 2711 1943 2786 condiderimus
1957 2727 2097 2807 postre-

42 2827 143 2898 sunt,
168 2813 310 2885 deserta
327 2811 551 2906 relinquetis,
576 2815 694 2906 patria
713 2813 885 2888 sacrificia
903 2837 1043 2898 eorum,
1095 2834 1193 2882 mam
1207 2809 1247 2881 in
1259 2808 1433 2893 Boeotia,
1460 2821 1593 2881 etcum
1611 2835 1651 2884 ea
1666 2812 1735 2882 alia
1752 2816 1928 2910 quaedam
1946 2817 2097 2911 oppida,

41 2916 103 3011 qui
132 2912 230 2987 banc
256 2913 384 2986 urbem
412 2916 658 2988 fundaverunt
685 2929 722 2988 et
751 2917 1044 3001 aedificaverunt,
1095 2912 1300 3008 ex‘quibus
1328 2912 1557 3004 peregrinam
1588 2915 1778 2987 colluviem
1809 2918 1997 3004 eiecimus,
2037 2919 2097 2991 isti
2145 2989 2147 2996 .
2197 2981 2202 2996 .

41 3018 186 3091 tolletis.
1094 3017 1215 3089 statim
1250 3025 1377 3087 nostro
1410 3014 1564 3108 imperio
1597 3041 1726 3110 parere
1751 3021 1980 3107 noluerunt,
2027 3021 2098 3094 soli

143 3121 246 3192 Hsee
274 3141 352 3192 non
383 3132 587 3212 congruunt
609 3121 746 3213 gloriae
771 3133 911 3195 vestrae
932 3118 1044 3190 Lace·
1096 3119 1260 3206 omnium
1290 3115 1528 3190 Boeotiorum
1559 3120 1679 3212 patria
1710 3121 1874 3196 instituta
1906 3125 2098 3210 violantes,

42 3224 251 3310 daemonii,
295 3222 433 3293 violare
464 3226 670 3295 communis
700 3225 780 3295 iura
807 3224 1045 3307 Graecorum,
1096 3247 1251 3318 cumque
1282 3222 1328 3292 ad
1362 3220 1520 3294 officium
1552 3246 1613 3296 eos
1643 3225 1804 3297 coacturi
1834 3251 2009 3315 essemus,
2050 3229 2100 3300 ad

39 3339 282 3400 monumenta
295 3326 490 3412 maiorum,
504 3325 705 3401 interlicere
719 3352 787 3401 nos
799 3328 1045 3400 benefactores
1095 3323 1332 3400 Athenienses
1354 3326 1581 3411 defecerunt,
1620 3338 1657 3395 et
1687 3351 1768 3400 cum
1799 3328 1850 3402 eis
1877 3356 1945 3402 uos
1974 3331 2100 3406 multis
2196 3327 2197 3332 ’

42 3445 77 3504 et
95 3433 333 3513 innocentes,
358 3443 509 3522 propter
524 3431 681 3502 alienam
700 3431 948 3514 inimicitiam
981 3430 1048 3502 sed
1097 3428 1239 3502 damnis
1272 3428 1488 3512 affecerunt,
1528 3452 1597 3520 pro
1631 3428 1761 3522 quibus
1794 3430 1951 3504 vicissim
1983 3434 2099 3506 multa

39 3531 379 3628 paruereethuugi
395 3531 541 3617 animo,
575 3547 612 3606 et
633 3558 701 3605 nos
721 3535 862 3605 deditos
884 3533 1050 3626 recipere
1096 3535 1230 3604 damna
1254 3542 1480 3621 acceperuut.

36 3639 208 3712 modesta
229 3631 481 3718 miseratione,
521 3655 598 3704 nou
625 3636 742 3707 solum
767 3635 1046 3718 considerantes,
1198 3632 1398 3726 Postquam
1414 3647 1534 3702 autem
1552 3631 1729 3706 barbarus
1744 3633 1936 3708 Graeciam
1953 3632 2100 3722 invasit,
2176 3696 2179 3708 ,

38 3767 151 3837 eptam
188 3735 305 3810 tristia
333 3735 475 3829 pauuri
508 3735 639 3822 simus,
679 3739 742 3810 sed
776 3737 884 3809 etiam
921 3737 1046 3834 quales
1098 3735 1201 3808 aiunt
1213 3760 1251 3808 se
1264 3735 1363 3806 solos
1380 3732 1596 3806 exBoeotiis
1608 3759 1685 3806 non
1699 3737 1849 3810 sensisse
1872 3763 1954 3810 cum
1970 3739 2101 3824 Medis,

35 3845 175 3929 simus,
200 3853 240 3911 et
257 3841 354 3935 quod
371 3839 507 3909 incerte
526 3839 711 3912 ahmitas
725 3841 921 3938 aliquando
936 3840 1046 3912 etiam
1098 3863 1213 3934 eaque
1235 3861 1273 3910 re
1296 3837 1488 3930 praecipue
1518 3837 1722 3929 gloriantur
1751 3854 1787 3911 et
1814 3843 1922 3914 nobis
1950 3843 2101 3916 maledi-
2217 3862 2220 3868 ·

37 3973 117 4020 non
133 3943 279 4018 meritis
295 3942 435 4014 accidit.
956 3977 961 3990 ·
1099 3954 1196 4018 cunt.
1261 3939 1457 4026 Fateamur
1486 3965 1548 4020 eos
1579 3963 1655 4010 uon
1685 3943 1837 4017 sensisse
1864 3971 1945 4018 cum
1969 3946 2100 4032 Medis,

144 4047 226 4118 Vos
243 4046 353 4138 igitur
368 4069 535 4130 oramus,
560 4057 602 4116 ut
618 4047 740 4131 decet,
773 4058 810 4116 st
832 4058 875 4119 ut
895 4043 1048 4118 necessi·
1099 4044 1185 4140 quia
1201 4066 1268 4114 nec
1281 4039 1518 4118 Athenienses
1539 4067 1620 4114 eum
1642 4043 1693 4116 eis
1712 4062 1922 4146 senserunt,
1953 4049 2015 4120 sed
2040 4073 2102 4120 eo-

36 4168 93 4227 tas
107 4161 240 4226 nostra
258 4162 402 4235 mouet,
427 4162 463 4219 et
477 4148 716 4241 imploramus
731 4173 939 4221 communes
949 4147 1048 4222 Deos
1099 4151 1182 4230 dem
1199 4148 1330 4232 modo,
1355 4171 1437 4218 cum
1452 4141 1689 4222 Athenienses
1703 4149 1878 4222 Graeciae
1893 4151 2103 4228 libertatern
2131 4149 2133 4161 '

34 4259 293 4336 Graecorum,
331 4265 373 4324 ut
401 4252 505 4325 vobis
538 4247 627 4324 haec
656 4255 956 4346 persuadeamus,
1000 4275 1049 4324 ne
1101 4249 1309 4344 oppressuri
1324 4261 1460 4335 essem,
1493 4248 1647 4322 dicimus
1670 4277 1735 4324 vos
1757 4253 1854 4326 solos
1879 4277 1924 4324 ex
1937 4251 2102 4328 Boeotiis

34 4353 312 4438 obliviscamini
326 4355 541 4441 iuramenti,
567 4357 666 4451 quod
681 4368 804 4450 patres
821 4355 930 4429 vestri
951 4355 1050 4428 iura·
1100 4353 1288 4425 adiunctos
1302 4352 1410 4424 fuisse
1425 4348 1718 4426 Atheniensibus.

32 4478 148 4550 nant,
183 4471 223 4532 et
243 4483 366 4534 sumus
387 4458 565 4552 supplices
588 4462 635 4529 ad
657 4455 1047 4553 sepulchra-maiorum
1148 4455 1236 4526 'Ac
1250 4456 1400 4526 modum
1415 4455 1604 4550 utriusque
1619 4457 1705 4531 facti
1719 4456 1955 4532 considerate.
1996 4455 2103 4530 'l'unc

33 4583 273 4648 vestrorum,
298 4586 341 4632 ac
355 4560 428 4634 vitu
444 4563 632 4634 defunctos
648 4561 871 4648 invocamus,
895 4557 1049 4633 ne'l'he·
1101 4557 1196 4628 enim
1238 4557 1363 4630 civitas
1400 4581 1520 4653 neque
1558 4581 1624 4652 per
1659 4559 1859 4652 legitimum
1900 4584 2102 4655 paucorum
2182 4553 2206 4586 ”

33 4673 147 4746 banis
169 4665 427 4751 subiiciamur,
452 4689 545 4738 neve
565 4665 773 4738 amicissimi
795 4665 905 4739 vestri
928 4667 1049 4737 trada-
1101 4661 1364 4754 principatum,
1389 4684 1507 4755 neque
1521 4684 1588 4754 per
1607 4664 1821 4755 popularem
1845 4677 1978 4738 statum
2001 4689 2104 4758 rege-
2207 4753 2209 4758 Ι

32 4800 124 4860 mur
141 4767 417 4845 inimicissimis.
448 4767 707 4862 Recordamini
721 4769 823 4840 illum
839 4770 949 4856 diem,
975 4793 1048 4866 quo
1100 4765 1227 4854 batur,
1249 4765 1315 4836 sed
1330 4765 1429 4859 quod
1445 4776 1498 4836 cst
1512 4763 1651 4856 legibus
1670 4778 1705 4836 et
1726 4767 1923 4843 modestiae
1945 4769 2102 4841 maxime

33 4871 356 4976 splendidissimas
369 4893 427 4942 res
444 4872 629 4944 vobiscum
646 4870 835 4965 gessimus,
869 4873 934 4968 qui
951 4895 1050 4943 nunc
1101 4867 1324 4940 contrarium
1350 4879 1385 4936 et
1407 4865 1614 4960 proximum
1647 4870 1853 4963 tyrannidi,
1889 4870 1996 4965 pauci
2017 4871 2100 4966 qui·

34 4984 77 5058 in
95 4991 209 5054 tanto
224 4974 384 5067 periculo
399 4997 598 5048 versamur.
1101 4973 1184 5041 dam
1210 4971 1247 5038 vi
1273 4969 1576 5054 dominabantur,
1619 4973 1704 5067 qui,
1744 4975 1774 5046 si
1794 4973 1894 5048 Medi
1918 4973 2101 5058 vicissent,

146 5071 264 5174 Quod
281 5090 403 5148 autem
415 5078 657 5152 necessarium
673 5088 715 5148 et
731 5075 975 5148 tristissimum
996 5088 1049 5148 est
1100 5075 1294 5169 sperabant
1310 5098 1411 5146 suam
1427 5071 1628 5168 potentiam
1642 5075 1720 5146 fore
1736 5077 1934 5160 maiorem,
1961 5089 2100 5160 contra,

31 5189 132 5274 illis,
162 5180 285 5276 quiin
303 5181 367 5250 tali
383 5192 466 5250 sunt
486 5181 669 5273 periculo,
701 5178 1048 5268 finireorationem,
1100 5179 1322 5248 voluntatem
1338 5176 1466 5271 populi
1484 5177 1658 5251 barbaros
1680 5179 1719 5250 in
1741 5181 1867 5250 urbem
1895 5179 2104 5250 introduxe-

24 5292 126 5390 fquia
147 5285 262 5370 simul
275 5281 523 5364 vitafinienda
541 5297 605 5370 est,
631 5282 828 5355 desinimus
841 5306 951 5368 nuuc,
977 5279 1048 5358 hoe
1115 5335 1316 5355 ...-

27 5397 270 5490 repetentes,
290 5410 359 5461 nos
374 5386 515 5460 deditos
536 5411 609 5460 esse
628 5411 703 5458 non
720 5382 915 5458 Thebanis.
967 5387 1048 5468 Ma·
1135 5412 1184 5471 ss)
1202 5413 1327 5476 sauoye.
1344 5413 1390 5480 ιιι,
1407 5411 1536 5469 ιιι-σι.
