4696 5802
68 201 112 278 ss
229 195 363 274 xrrn.
407 177 726 274 incuuarre·
750 191 818 268 rr
851 155 1062 266 sonum
1085 186 1137 266 ne
1166 187 1316 266 neor.
1345 187 1477 266 rest:
1495 190 1582 268 cro.
1616 191 1705 269 nn.
1731 193 1758 272 1.
1790 197 1863 275 nr.
1883 203 1920 279 s.
2045 208 2097 291 tt

55 400 132 470 pm,
180 374 298 448 pm
320 371 518 464 emptam
538 367 724 461 epilogo·
741 368 822 438 l'oco
844 366 1041 452 communi,
1093 363 1236 457 p'nbliea
1251 361 1499 450 sec'utimant,
1522 365 1679 440 multum
1694 373 2090 464 gauderentCaesarem

53 480 111 574 qui
133 475 239 552 habe,
267 475 534 551 emmim
554 473 837 556 &massaritiam
866 472 968 565 quod
987 470 1040 538 vi-
1092 480 1128 538 et
1146 467 1363 560 Pompeium
1387 493 1407 538 a
1433 493 1492 542 me
1515 470 1690 544 alienatos
1714 497 1807 560 esse,
1843 493 1897 565 et,
1934 497 1975 554 nt
1996 484 2088 562 mibi

52 583 170 652 delicet
197 581 246 652 sit
273 603 414 652 summa
446 577 623 671 quaedam
645 574 835 666 prudentia
865 572 1039 646 inservire
1091 595 1236 666 quoque
1261 594 1366 663 aegre
1391 571 1529 666 aliquid
1550 575 1730 661 lacerent,
1774 579 1940 654 Clodium
1963 611 2085 664 meum

52 683 217 776 tempori,
259 695 296 756 ee
316 702 419 774 posse
443 679 646 770 iuterdprm,
685 700 768 750 cum
785 702 844 762 res
867 677 1038 769 postulat,
1089 673 1276 746 inimicum
1299 699 1358 746 me
1378 675 1598 770 inspectante
1622 677 1787 752 soverent
1806 697 1851 754 ‘et
1880 691 2084 764 oscularen-
2175 727 2181 744 ν

54 791 171 858 tedere
185 789 230 860 de
245 785 443 867 sententia,
475 784 514 856 id
535 781 633 876 quod
651 779 776 852 Cicero
792 792 888 850 recte
902 780 941 850 in
956 801 1037 850 ora·
1089 775 1215 876 tur⁷·).
1268 778 1389 871 Quare
1403 802 1468 870 ego
1483 805 1565 850 curn
1579 779 1751 878 utrinque
1769 761 1859 858 mibi
1881 793 2082 882 periculum

52 891 142 962 tione
163 912 231 981 pro
255 887 297 960 L.
318 887 488 958 Cornelio
512 883 628 955 Balbo
652 885 826 967 affirmat,
859 909 939 955 cum
966 882 1036 952 ait:
1089 893 1197 965 esset,
1224 880 1334 950 aliam
1353 882 1532 953 rationem
1548 883 1803 957 instituendam
1820 914 1895 964 esse
1910 895 2014 983 duri,
2041 923 2083 972 ac

51 993 168 1086 Neque
181 989 509 1063 essemconstantis
523 999 610 1079 puto
629 985 842 1058 sententiam
864 986 1036 1080 aliquam,
1087 981 1118 1054 si
1138 985 1398 1077 rempublicam
1420 985 1466 1055 ab
1493 987 1668 1078 improbis
1689 989 1825 1064 civibus
1845 999 1962 1067 teneri
1983 1000 2081 1072 vide-

50 1111 216 1188 tanquam
231 1095 381 1187 aliquod
395 1090 578 1182 navigium
602 1115 645 1160 er
666 1089 883 1185 reipublicae
900 1101 1036 1180 tempe·
1087 1109 1185 1170 rem,
1210 1089 1312 1158 nullo
1335 1087 1396 1158 vel
1414 1113 1497 1159 meo
1519 1089 1679 1182 periculo
1703 1093 1761 1162 vel
1782 1093 1926 1168 illorum
1947 1089 2079 1176 merito

48 1211 129 1278 522oe
156 1195 351 1275 moderari.
413 1193 569 1288 Epilego
599 1192 786 1266 subiicitur
816 1186 1035 1285 apostrophe
1087 1189 1215 1260 adduci
1231 1215 1393 1284 possem,
1418 1204 1529 1262 utme
1548 1194 1595 1263 ad
1609 1215 1734 1265 eorum
1749 1219 1891 1270 cansam
1908 1203 2080 1298 adiunge-

49 1303 89 1369 ,d
108 1299 323 1382 Lentulum,
364 1298 403 1368 in
428 1323 497 1391 qm,
521 1295 680 1388 mimum
704 1294 840 1386 colligit
861 1319 884 1364 a
904 1307 1034 1368 natura
1086 1315 1176 1364 rem.
1227 1293 1332 1366 Nunc
1354 1319 1434 1364 cum
1451 1294 1646 1388 Pompeius
1663 1298 1829 1394 princeps
1845 1316 1954 1391 esset,
1978 1309 2079 1380 volui

49 1401 203 1486 Lentuli,
243 1403 343 1496 quod
371 1424 542 1492 psaesens
569 1400 693 1470 eadem
719 1398 845 1472 fuisset
865 1422 1035 1473 suasurus
1086 1419 1205 1466 meam
1229 1399 1452 1470 voluntatem
1475 1400 1522 1468 ad
1544 1398 1621 1470 eius
1641 1400 1853 1492 dignitatem
1873 1429 2077 1501 aggregare.

51 1505 168 1576 amito,
219 1503 361 1576 Deinde
377 1505 490 1575 deferr
507 1501 562 1572 iffi
575 1525 639 1575 sua
655 1501 784 1580 officia.
1085 1495 1126 1568 ld
1149 1509 1269 1570 autem
1292 1501 1370 1572 lieri
1393 1523 1470 1570 non
1492 1501 1633 1594 potuit,
1664 1504 1735 1578 nisi
1759 1506 1865 1577 etiam
1888 1509 2077 1584 Caesarem

957 1667 960 1676 ,
1086 1603 1352 1695 complecterer.
1401 1603 1487 1691 Feci
1502 1616 1621 1676 autern
1637 1603 1674 1673 id
1697 1631 1740 1677 eo
1761 1609 1950 1700 libentius,
1978 1619 2078 1711 quod

370 1697 704 1796 Parapbrasis,
1084 1699 1176 1775 mihi
1200 1729 1282 1778 cum
1306 1731 1349 1777 eo
1374 1720 1474 1778 vetus
1497 1706 1673 1792 amicitia,
1709 1711 1824 1784 multa
1847 1714 1923 1787 eius
1945 1717 1984 1787 in
2005 1719 2078 1790 fra-
2206 1715 2211 1736 ‘

49 1835 133 1905 qirae
154 1807 282 1901 incipit
306 1809 351 1880 ab
375 1832 417 1878 eo
441 1808 523 1896 loco
545 1803 605 1876 IX.
627 1804 818 1898 epistolae,
859 1803 924 1878 ubi
948 1805 1035 1884 dicit
1085 1819 1176 1877 trem
1191 1833 1311 1882 meum
1327 1820 1435 1880 etme
1451 1809 1577 1880 merita
1596 1825 1723 1884 essent.
1765 1815 1860 1886 Tum
1876 1819 2077 1912 respublica

50 1915 167 1984 Cicero
197 1909 248 2006 (ἓ.
265 1909 337 2006 4.);
382 1913 475 1998 Quot
501 1913 584 1994 titt,
624 1919 662 1982 ot
687 1911 824 1998 plonius
851 1899 1034 1998 reperiam,
1085 1910 1275 1984 videbatur
1305 1910 1573 1984 contentionem
1607 1937 1688 1984 cum
1721 1912 1777 1989 his
1809 1923 1959 1994 summis
1990 1923 2078 1996 viris

90 2028 123 2086 et
144 2014 323 2110 finiturffl)
350 2009 511 2108 (§.19.):
546 2013 640 2098 Quod
658 2011 893 2105 quoniamtidi
914 2037 982 2084 ee·
1084 2013 1162 2084 lieri
1183 2016 1291 2088 nolle.
1349 2015 1541 2086 Praeterea
1562 2015 1758 2110 Pompeius
1779 2020 1817 2090 id
1841 2023 1885 2094 de
1908 2049 1966 2095 me
1988 2023 2077 2098 Cae-

429 2118 545 2205 posrti,
579 2125 645 2186 etr.
1084 2117 1177 2202 sari,
1202 2117 1378 2212 Pompeio
1402 2132 1524 2190 autem
1539 2121 1650 2190 frater
1664 2121 1843 2211 pollicitus
1859 2139 1946 2200 erat.
1998 2128 2078 2200 llue

141 2273 372 2365 Quamquam
398 2267 463 2339 tibi
479 2279 562 2360 post
582 2265 740 2339 reditum
757 2265 954 2359 plurimum
973 2267 1033 2337 de·
1085 2219 1193 2340 eiiam
1207 2221 1583 2316 impellebawlamnss
1595 2226 1787 2297 sementim
1812 2228 1944 2322 Quam
1957 2244 2075 2302 “⁸⁸⁰²

50 2377 162 2444 bcam:
194 2386 318 2443 tamen
329 2372 530 2465 respublica
545 2371 653 2440 etiam
668 2371 826 2465 postulat
842 2393 862 2440 a
876 2395 935 2440 me
953 2393 1033 2463 gra-
1083 2323 1282 2417 Pmcipfflt
1310 2327 1453 2396 ⁰⁰⁵d²¹¹¹
1470 2323 1564 2402 &⁸⁶⁸
1580 2349 1655 2398 ‘³⁵⁵⁸
1672 2328 1799 2400 “flere-

49 2477 148 2562 tiam,
177 2500 269 2571 quae
286 2489 323 2544 te
337 2475 375 2544 in
389 2499 447 2545 me
462 2473 684 2546 restituendo
702 2473 851 2559 adiuvit,
878 2473 915 2544 id
934 2476 1031 2570 quod
1188 2426 1282 2546 ΩΨ
1311 2441 1430 2547 ΨΜ
1459 2427 1490 2498 ⁵i
1519 2428 1648 2521 ⁰P¹i¹¹¹i
1674 2431 1867 2550 {mistis
1902 2436 2074 2528 putabam

50 2603 145 2671 saepe
165 2579 309 2672 publice
330 2591 365 2648 et
385 2576 557 2671 privatim
581 2589 729 2648 testatus
755 2602 853 2662 sum,
884 2601 951 2647 nec
973 2601 1031 2648 me
1084 2555 1166 2602 eum
1179 2530 1396 2624 mpubhcae
1412 2532 1602 2602 ⁰⁰¹¹¹¹¹¹⁰d⁰
1618 2533 1714 2618 herb
1747 2559 1778 2606 ³¹
1798 2559 1856 2604 ¹¹¹⁸
1879 2538 1925 2606 ad
1946 2561 2074 2608 ²0ffl¹¹¹

51 2685 87 2753 a1,
101 2679 168 2752 h„
184 2681 361 2753 senten-fi,
377 2682 605 2776 quomdam
620 2681 808 2751 manifesta
832 2679 934 2766 odia,
970 2693 1034 2752 au,
1083 2633 1242 2753 rationes
1272 2634 1526 2726 adiungerem,
1565 2629 1672 2707 huius
1694 2637 1889 2734 sententiae
1913 2639 2074 2732 exempla

51 2789 190 2856 obscura
214 2785 333 2856 studia
362 2785 605 2869 deduxerunt,
646 2783 708 2878 qui
739 2783 777 2851 in
804 2783 1032 2856 restituendis
1083 2736 1260 2809 ‘'melma'‘
1310 2736 1406 2810 Nam
1422 2761 1443 2808 ³
1459 2761 1540 2808 ”¹⁰⁰
1559 2740 1746 2810 ⁰⁰⁰⁸¹¹¹³²¹¹
1760 2765 1872 2836 u“lue
1887 2745 1933 2813 ad
1948 2743 2076 2814 Caesa·

52 2890 186 2960 aedibus
200 2903 236 2958 et
254 2887 333 2958 aliis
357 2886 518 2972 damnis,
552 2910 643 2982 quae
661 2885 779 2957 Clodii
799 2889 901 2956 luror
924 2889 1032 2959 rebus
1083 2840 1302 2960 ¹⁰m.⁰¹¹.²¹iii
1317 2840 1514 2958 ‘efflui‘
1530 2839 1569 2910 in
1591 2854 1718 2960 ”nitu
1741 2856 1824 2914 ”mi
1845 2857 1942 2931 κη’
1975 2848 2074 2940 qu⁰d

52 2993 131 3062 meis
151 2993 341 3073 attulerat,
374 3003 409 3061 tc
433 3013 509 3060 non
532 2988 768 3072 adiuverunt,
802 2988 891 3084 quin
912 2991 1033 3081 reipu·
1083 2944 1172 3014 b⁰¹¹¹
1195 2969 1265 3013 vm
1288 2967 1328 3012 ¹¹¹
1351 2945 1533 3035 “PUhhca
1567 2945 1853 3032 ‘mmmmm'
1916 2945 2076 3018 Emm

52 3095 151 3164 bum
177 3095 287 3164 etiam
312 3104 437 3164 coum
461 3115 588 3162 eorum
610 3091 855 3176 voluntatem,
896 3091 959 3184 qui
988 3094 1032 3162 de
1084 3043 1460 3118 consulibusGabinio
1483 3059 1519 3116 et
1539 3045 1672 3118 Pisone
1694 3047 1841 3120 nefariis
1862 3047 1999 3122 civibus
2022 3049 2076 3120 vi-

52 3225 98 3268 ne
113 3199 204 3267 bene
219 3209 323 3267 erant
339 3194 478 3279 meriti,
502 3196 673 3289 prodesse
688 3193 807 3278 volui,
833 3188 926 3265 nihil
941 3195 1032 3264 veri-

53 3313 97 3372 tus
117 3301 263 3371 illorum
282 3299 493 3392 potentiam.
552 3295 647 3370 Nam
661 3294 827 3368 Vatinius
849 3296 947 3369 testis
970 3310 1033 3384 est,

54 3405 139 3497 quod
151 3403 324 3488 dixerim,
350 3426 409 3471 me
425 3398 547 3471 Bibuli
563 3400 747 3470 fortunam
771 3400 884 3492 pluris
904 3402 1033 3486 facere,

53 3533 149 3600 quam
166 3531 291 3576 omnes
307 3499 511 3596 triumphos
527 3501 701 3574 Caesaris.
750 3502 799 3572 Et
815 3503 854 3572 in
879 3503 939 3571 illa
957 3515 1032 3573 tota

54 3609 204 3678 oratione
226 3607 466 3678 inVatiniurn
485 3605 598 3676 multa
622 3618 724 3689 sunt,
751 3605 880 3700 quibus
902 3606 1034 3676 multos

1083 3249 1189 3346 perit.
1239 3249 1404 3321 Primum
1420 3275 1486 3343 ego
1501 3251 1644 3322 civitate
1659 3253 1790 3326 eiectus
1806 3278 1906 3341 sum,
1931 3255 2078 3326 nemine

1084 3367 1211 3449 agente
1227 3377 1370 3425 causam
1385 3378 1525 3440 meam,
1551 3377 1773 3450 quamquam
1786 3370 1865 3429 tum
1879 3358 2077 3451 potuissem
2129 3337 2139 3366 ³

1084 3458 1121 3526 vi
1135 3481 1193 3526 me
1208 3458 1418 3542 defendere,
1450 3457 1554 3530 nolui
1576 3470 1697 3531 tamen
1721 3461 1957 3535 seditionibus
1981 3468 2109 3532 rem-,⁸

1085 3559 1266 3654 publicam
1287 3561 1445 3632 turbare.
1497 3560 1606 3655 Quod
1626 3563 1657 3633 si
1679 3574 1755 3633 tum
1782 3589 1849 3657 pro
1868 3589 1927 3634 me
1955 3564 2079 3640 annixi

53 3713 196 3802 graviter
220 3710 433 3804 perstrinxi,
475 3707 646 3802 quicquid
670 3709 713 3778 de
737 3731 824 3799 agro
847 3709 1033 3800 Campano
1086 3674 1203 3781 ‘mii
1229 3662 1411 3756 Principes
1441 3659 1614 3780 ciiimffl’
1663 3666 1762 3784 mhi⁸
1792 3667 1998 3784 i⁰n⁵¹¹l³iu⁸
2026 3667 2077 3735 iia

53 3817 266 3885 referendum
285 3839 358 3885 esse
377 3813 461 3883 duxi
474 3809 595 3882 Idibus
611 3809 735 3897 Maiis,
763 3813 860 3907 quod
878 3823 912 3880 et
926 3811 1034 3881 Pom·
1087 3777 1274 3838 ’Μωδεεῖ
1293 3765 1581 3884 ‘empubhcaml
1611 3790 1657 3886 'ie
1679 3770 1766 3862 qmd
1790 3793 1865 3862 unp
1866 3769 1933 3867 τῴ
1934 3793 1949 3836 ¹
1969 3769 2079 3840 ‘iude'

1087 3881 1168 3940 rent
1182 3880 1318 3959 postea.
1368 3867 1502 3938 Verum
1520 3889 1605 3964 quta
1620 3871 1658 3940 sd
1673 3893 1751 3941 non
1765 3873 1977 3956 estfactum,
1995 3882 2078 3963 post

54 3917 186 4016 peioff)
230 3931 266 3986 et
300 3915 445 3988 Caesari
478 3913 683 4032 absentibus
716 3916 873 4006 graviter
908 3915 1034 3985 doluit.
1086 3973 1176 4042 Μ
1200 3983 1303 4063 turpe
1328 3971 1499 4044 iudicium
1539 3977 1543 3989 ⁴
1577 3997 1625 4042 uo
1651 3973 1755 4046 Clodi
1842 3977 1883 4046 bs
1908 3973 1961 4044 lt
2026 3986 2079 4042 et

54 4019 132 4090 Nam
157 4021 356 4091 Caesarea
381 4017 682 4110 derePompero
715 4030 858 4112 questus
889 4030 962 4101 est,
1001 4029 1036 4085 et
1174 4074 1182 4091 ‚
1510 4023 1522 4055 ⁹
1552 3998 1576 4067 (l
1756 3999 1839 4046 ΠΗ
1884 3999 2003 4046 ⁰U¹1⁵
2046 3997 2062 4044 ⁵

1088 4074 1282 4158 acumine
1303 4075 1465 4144 violatae'
1481 4073 1685 4166 religionis,
1726 4077 1824 4147 aliud
1839 4101 1929 4146 ·non
1957 4075 2079 4148 minus
2107 4071 2111 4078 “

1088 4191 1191 4272 turpe
1205 4175 1377 4248 iudicium
1401 4189 1453 4250 est
1473 4179 1654 4262 secutum,
1686 4192 1727 4248 ut
1749 4179 1845 4248 idem
1863 4179 2009 4251 Clodius
2034 4179 2079 4248 de

1087 4282 1263 4354 seditione
1286 4281 1325 4348 in
1345 4281 1426 4350 foro
1451 4279 1600 4353 excitata
1625 4305 1646 4350 a
1672 4281 1816 4352 Milone'
1832 4295 1909 4352 tum
1932 4282 2078 4352 tribuno

55 4121 234 4216 Pompeius
250 4121 355 4192 fratri
370 4147 464 4207 meo,
491 4145 572 4191 cum
588 4119 744 4216 quadam
761 4119 1036 4212 exprobratione

56 4225 317 4310 beneficiorum,
351 4248 442 4319 quae
467 4223 505 4293 in
525 4247 584 4294 me
609 4221 833 4308 contulisset,
860 4221 956 4293 idem
973 4223 1036 4294 ob-

58 4344 134 4401 tecit.

142 4431 242 4501 Haec
269 4430 380 4524 igitur

60 4529 238 4626 Pompeius
264 4555 410 4628 quoque
433 4543 614 4624 rogasset,
654 4543 695 4600 ut
714 4555 857 4602 causam
883 4529 1037 4621 Campa-

62 4657 129 4704 nam
145 4660 326 4708 servarem
343 4635 519 4726 integram
544 4632 589 4702 ad
610 4657 713 4704 suurn
731 4635 944 4718 adventum,
971 4656 1036 4724 ego

408 4452 490 4501 cum
524 4428 570 4496 ad
593 4451 651 4497 me
673 4427 785 4498 frater
806 4427 977 4498 scribere,
1002 4438 1037 4496 et
1087 4385 1201 4478 plebis
1218 4395 1400 4456 accusatus
1416 4383 1679 4455 absolveretur.
1728 4383 1869 4456 Deinde
1891 4382 2001 4454 iidem
2025 4383 2079 4454 iu-

1088 4489 1184 4559 dices
1200 4487 1349 4558 domurn
1373 4509 1491 4555 meam
1517 4485 1674 4558 dedicari
1695 4501 1732 4560 et
1754 4487 1903 4558 inscribi
1921 4485 2080 4557 libertati

1088 4592 1184 4684 passi
1198 4599 1300 4674 sunt,
1326 4587 1428 4683 quasi
1449 4609 1514 4680 ego
1540 4613 1730 4682 oppressor
1743 4588 2079 4684 ,libertatisfuerim

63 4737 243 4810 existimavi
258 4763 317 4809 me
331 4733 611 4808 nibilfacturum
626 4748 750 4806 contra
766 4735 1037 4828 rempublicam,
1088 4695 1319 4814 Quamquam
1338 4704 1458 4761 autem
1483 4704 1625 4784 gratum
1650 4688 1741 4763 mihi
1761 4705 1814 4764 ⁰⁸²
1838 4691 1983 4762 mmm
2004 4691 2081 4762 ⁰ffi'

1090 4823 1205 4881 cium,
1248 4794 1311 4888 qui
1333 4817 1392 4863 me
1415 4795 1656 4882 restituerint,
1692 4809 1813 4893 tamen
1839 4793 1995 4890 optarim
2021 4817 2081 4863 eos

1090 4923 1235 4996 quoque
1252 4897 1292 4968 in
1306 4896 1454 4992 reliquis
1472 4898 1562 4969 meis
1577 4900 1684 4969 rebus
1699 4897 1954 4992 conservandis
1967 4921 2081 4992 aeque

1089 5003 1196 5076 fuisse
1211 4999 1410 5095 diligentes.
1462 5000 1567 5074 Nunc
1588 5014 1706 5072 autern
1728 5014 1920 5095 postquam
1940 5001 2083 5071 restitu-

1090 5121 1147 5178 tus
1169 5131 1267 5190 suni,
1302 5103 1496 5196 sperabant
1517 5103 1664 5200 quidam
1690 5128 1749 5176 me
1772 5103 1933 5197 exemplo
1948 5101 2084 5172 Metelli
2102 5123 2104 5128 ·

1090 5209 1244 5282 demisso
1261 5207 1383 5278 animo
1399 5207 1579 5290 futurum;
1605 5232 1729 5279 verum
1750 5207 1970 5302 respublica,
1991 5228 2083 5300 quae

63 4838 102 4921 ti.
121 4866 198 4914 cum
212 4865 354 4936 semper
367 4843 486 4912 bonus
501 4839 586 4911 civis
601 4839 766 4924 fuissem,
793 4839 901 4910 etiam
921 4839 1038 4910 bonus

65 4941 108 5010 vir
134 4958 166 5016 et
191 4957 315 5040 gratus
346 4945 409 5030 iis,
451 4944 514 5040 qui
538 4967 594 5012 me
618 4943 874 5028 adiunxerant,
913 4965 1038 5026 essem,

68 5050 255 5132 praesertim
274 5073 355 5122 cum
372 5048 419 5132 ii,
446 5047 509 5142 qui
529 5047 645 5131 idem,
680 5047 778 5140 quod
801 5069 887 5138 ego,
920 5045 959 5116 in
981 5068 1038 5115 re·

95 5279 137 5344 72)
151 5285 257 5346 mbas]
275 5284 325 5336 ld.
344 5281 421 5336 155⁶.
439 5279 535 5334 saltur
552 5282 599 5335 itt.

96 5367 139 5430 tt)
154 5375 180 5422 ct
195 5371 339 5436 Pompelo]
358 5367 400 5420 sle
416 5367 465 5420 tta
485 5367 578 5436 tlte.)
601 5366 686 5420 Editt
707 5367 800 5432 tm,
820 5365 895 5418 tm.
914 5366 942 5418 ln
955 5365 1039 5418 Pon-

123 5441 194 5506 tolo3
217 5441 268 5494 tte
287 5439 365 5494 lm.
381 5437 521 5504 Pompeio.
1124 5429 1175 5490 74)
1193 5427 1401 5486 oscularentur]
1419 5424 1469 5476 Ed.
1489 5422 1567 5476 tm.
1584 5423 1672 5478 uter
1695 5421 1867 5475 semrom.

1404 5489 1469 5567 4*

1084 3151 1165 3231 des,
1192 3157 1368 3242 quantum
1383 3146 1590 3220 detrimenti
1603 3149 1821 3242 reipublicae
1844 3165 1957 3225 status
1979 3176 2076 3224 acce·
2205 3149 2211 3156 ’
