4582 5798
259 189 362 268 sort
516 237 522 247 -
669 218 673 233 ·
782 167 1897 268 ·rn1.tm.scatrnrmotomee=²1²·¹
1980 192 2001 238 -·
2172 203 2255 279 tort

257 365 321 440 'uis
341 362 571 452 admonere
594 364 653 434 rel
676 351 879 457 eanpnltae
898 363 1149 438 mittebantur.
1201 361 1258 435 De
1310 361 1776 439 banc'adntinisbatiouem
1790 361 1843 461 θ’)
1865 349 2255 464 υυψηὶίἱοωρὶιίιι

260 481 384 564 pupae
402 469 449 539 ad
464 462 713 538 Chaeroneam
734 462 849 552 lacta,
875 491 942 538 uec
962 477 1046 564 post
1068 465 1258 538 victoriam
1311 491 1354 538 ac
1384 466 1528 542 virtutis
1559 463 1721 541 scholam
1747 469 1931 562 quendam
1957 455 2048 557 csse,
2086 497 2183 568 quam
2203 499 2255 546 nor

262 571 370 644 desiit
389 569 615 665 praedicare,
641 581 818 664 mantum
833 566 892 641 bic
914 569 973 640 vir
994 581 1146 644 meamet
1165 569 1260 664 peri·
1311 571 1503 643 conveniat
1525 572 1572 642 ad
1592 583 1782 666 quaem
1804 572 1975 644 antelios
1989 571 2183 667 cupiditates
2197 601 2255 647 con·

263 677 385 748 nalum
413 673 494 767 ipsi.
559 671 638 746 Nisi
668 671 764 742 enbn
793 686 937 767 practer
966 693 1087 768 spem,
1128 673 1260 768 inquit,
1310 675 1415 746 serre.
1459 673 1659 770 Propterea
1672 668 1806 746 Archia
1820 673 1927 746 valde
1942 689 2097 770 optarem
2111 675 2193 750 mibi
2206 679 2255 751 ein

118 855 122 864 ,
265 788 416 874 propter
436 779 567 848 dumam
585 775 785 860 inscitiam,
816 788 852 847 et
873 778 985 847 a'ciem
1008 777 1105 846 maie
1125 775 1260 849 instru-
1311 777 1607 848 eomoemdinem
1642 775 1851 870 contigisse,
1884 789 1937 850 nt'
1961 780 2105 852 concillo
2133 780 2255 852 einsuti

266 893 383 964 curn,
404 878 671 972 etinspcratam
686 877 891 964 somonam,
912 879 1133 975 quaemnlta
1153 878 1260 950 nobis
1309 879 1446 973 possim
1475 880 1516 950 in
1541 880 1768 974 praeseutia,
1808 891 1846 950 ct
1869 875 1995 954 oublre
2020 905 2137 956 vocem
2159 885 2255 954 liberae

257 984 441 1057 conficere
460 983 570 1066 solet,
602 981 827 1066 vicissemus,
868 1007 943 1054 nno
966 983 1025 1053 die
1048 1005 1125 1053 non
1146 983 1259 1053 modo
1311 982 1455 1066 mentis,
1469 993 1524 1053 tot
1538 979 1676 1077 alioqui
1687 983 1922 1056 circumfusus
1935 985 2255 1058 tt'ssenmoribos.lt

264 1109 438 1180 regnum,
469 1087 532 1158 sed
559 1097 595 1156 et
619 1083 731 1155 vitam
758 1109 876 1156 meam
903 1085 943 1156 in
973 1085 1165 1157 discrimen
1197 1086 1259 1156 ad·
1311 1079 1402 1154 mihi
1430 1107 1518 1157 sane
1549 1086 1694 1158 videtur
1720 1081 1789 1156 boc
1811 1087 1961 1160 nomine
1989 1085 2255 1182 reprehendendus

264 1193 428 1264 duxerat.
479 1187 724 1260 coniunxerat
743 1189 1011 1281 potentissimas
1030 1189 1156 1274 nrbes,
1180 1203 1259 1262 cot·
1311 1211 1406 1271 esse,
1431 1189 1531 1283 qnod
1547 1187 1658 1260 vitam
1672 1189 1828 1260 suam'ib
1842 1190 2035 1262 discrimen
2049 1193 2201 1277 adduxit,
2216 1215 2255 1284 pn

264 1306 368 1390 perat
393 1315 519 1364 omnes
539 1291 634 1364 vires
657 1291 853 1376 Graeciae,
881 1287 1138 1376 Athenienses,
1163 1288 1260 1362 't'he-
1310 1301 1386 1360 tam
1409 1289 1563 1382 ingratis
1582 1290 1741 1376 civibus,
1780 1312 1864 1388 curn
1884 1307 2008 1388 posset
2030 1296 2123 1367 alios'
2139 1295 2255 1365 menn

264 1401 400 1480 bonos,
425 1394 617 1477 meones,
641 1387 871 1478 Corinthios,
903 1393 1153 1480 Euboeeuses,
1180 1394 1260 1466 Me·
1313 1392 1451 1464 amicos
1482 1393 1662 1465 fideliores
1686 1405 1724 1464 et
1748 1396 2024 1470 contentiones.
2087 1401 2185 1472 dccl.
2208 1397 2255 1466 lb

265 1523 455 1598 gerentes,
488 1510 524 1568 et
547 1495 683 1581 effecit,
715 1510 757 1568 ut
780 1499 979 1590 periculum
1003 1499 1111 1571 shuul
1133 1519 1259 1569 onmes
1312 1495 1458 1591 quidem
1472 1507 1569 1568 reete
1582 1495 1724 1583 dixisti,
1747 1495 2050 1571 sed‘boet'rnstra
2072 1499 2253 1580 dixissesili

266 1603 428 1675 civitates
450 1601 631 1684 subirent,
657 1613 693 1672 et
715 1595 806 1670 mibi
832 1601 1023 1674 hansitum
1044 1603 1083 1672 in
1102 1602 1257 1672 iltticam
1311 1601 1403 1670 adeo
1417 1599 1561 1670 furebat
1583 1614 1709 1670 eruore
1727 1599 1879 1693 patriae.
1931 1606 2017 1677 Aet.
2043 1602 2101 1676 Sc
2120 1617 2183 1684 cst;
2204 1603 2253 1698 qni

266 1703 478 1778 interclusit.
554 1704 662 1774 Tales
696 1715 798 1773 crant
829 1699 937 1776 buius
967 1708 1011 1777 dc
1031 1703 1086 1802 ⁸⁹)
1122 1704 1258 1776 Demo·
1310 1702 1407 1771 cuim
1431 1701 1620 1775 manifesta
1644 1703 1799 1795 negem?
1838 1705 1901 1777 sed
1928 1711 2114 1802 mornado
2140 1719 2253 1778 monus

265 1805 391 1882 athene
412 1831 595 1880 sermones
615 1819 816 1900 perpetuo,
852 1820 990 1879 etcum
1012 1809 1189 1880 diceretur
1213 1808 1259 1879 ad
1311 1803 1452 1901 ew)
1490 1807 1610 1896 ¹Arci.
1637 1804 1753 1900 bingis
1768 1807 1877 1878 etiam
1892 1803 2038 1882 mitten
2053 1835 2156 1896 eum,
2182 1805 2252 1882 sibu

265 1936 370 1998 eum,
394 1913 493 2007 quud
506 1933 679 2003 magnum
697 1911 948 2001 antagonistcn
971 1908 1121 1982 haberet
1144 1935 1259 2005 popu-
1305 1909 1413 1980 scias.
1476 1907 1570 1981 Nam
1594 1917 1630 1980 et
1654 1931 1743 1994 uns,
1778 1913 1845 2006 qui
1864 1913 2064 2010 adibimus,
2089 1939 2161 1986 non
2177 1913 2252 1982 minu

265 2017 342 2087 lem
363 2010 639 2097 Atheniensem,
670 2014 911 2104 respondebat
931 2039 967 2086 se
988 2037 1102 2088 unum
1124 2010 1260 2086 habere
1307 2011 1585 2105 obstupuimus,
1622 2014 1830 2107 quamam
1856 2027 2092 2110 spectatores.
2152 2016 2252 2087 Videte

263 2111 850 2292 tttttffid‘ttlttt.
873 2117 1105 2294 ,llicit
1124 2119 1258 2294 titt
1311 2113 1743 2290 mittini-‘³-
1764 2120 2112 2298 ”tiiiffiiii
2125 2117 2251 2294 hociii

264 2323 431 2396 ncnsinm
450 2335 486 2392 et
501 2271 772 2395 theimtomm.
824 2321 870 2391 Et
886 2327 1034 2419 qutando
1050 2325 1187 2417 legatos
1212 2325 1259 2394 ad
1310 2322 1374 2390 bat
1391 2243 1488 2392 ebitis
1504 2322 1657 2393 inturin
1674 2238 1828 2417 abib,
1855 2349 1897 2396 ac
1911 2245 2251 2424 flumas-“ioth

264 2427 372 2500 arbes
385 2425 569 2510 mittebat,
592 2426 623 2498 si
646 2449 738 2520 quos
762 2423 853 2495 alios
878 2427 1051 2499 miserant
1063 2424 1260 2500 Athenien-
1307 2423 1437 2497 diebus
1464 2440 1545 2496 runt
1567 2449 1612 2520 eo
1636 2425 1806 2499 collocuti
1820 2419 1988 2504 lecimus.
2052 2439 2134 2506 atet.
2169 2429 2251 2525 Quale

262 2553 340 2615 ses,
363 2529 466 2600 laelle
486 2528 652 2600 vincebat
676 2528 773 2622 ipse,
806 2529 874 2600 sed
890 2528 1133 2604 Demosthene
1153 2553 1260 2625 pcae-
1309 2529 1457 2598 luerunt
1472 2529 1804 2624 vestriternrones?
1851 2535 1962 2606 Asel.
1988 2535 2106 2607 Multa
2121 2531 2250 2607 hnmani

260 2645 379 2717 sente,
403 2633 557 2718 frustra,
582 2630 720 2726 iuquit,
745 2651 782 2702 se
805 2631 941 2722 legatos
964 2635 1117 2708 mittere.
1174 2635 1259 2728 Non
1305 2631 1400 2702 sime
1415 2634 1693 2725 proponebam,
1724 2635 1988 2727 promittebam·
2008 2641 2047 2712 el
2068 2640 2196 2710 reniam
2216 2635 2250 2702 ab

262 2733 361 2806 enim
396 2737 548 2827 possunt
578 2747 704 2806 contra
726 2731 980 2808 Demosthenis
1014 2738 1257 2835 eloquentiam
1310 2743 1803 2834 te,1nonsane·expectans';
1835 2743 2033 2836 nonenim
2062 2764 2178 2814 neren
2196 2736 2250 2809 batt

264 2838 402 2931 erigere
417 2833 666 2932 trophaeum·
697 2837 757 2910 sie
772 2833 962 2933 Philippus
984 2841 1137 2916 dicebat.
1188 2839 1259 2914 ita
1310 2845 1409 2910 tua'm
1437 2839 1682 2927 voluntatem,
1721 2843 1795 2914 sed'
1808 2845 2019 2918 orblttabar
2039 2853 2075 2918 t'e
2095 2843 2170 2918 huic
2187 2837 2250 2911 rebe

263 2967 335 3040 qne
355 2965 443 3035 ego,
477 2941 542 3037 qui
564 2941 712 3038 quidem
734 2942 841 3035 longe
857 2943 1009 3016 interior
1023 2950 1102 3018 sum
1119 2941 1258 3040 Philip·
1307 2957 1450 3013 menter
1467 2941 1599 3016 iratum
1616 2969 1710 3031 esse,
1735 2957 1877 3018 tantum
1891 2949 1961 3022 ista
1979 2951 2139 3044 dicebam
2154 2962 2250 3043 penu

262 3069 334 3140 po,
358 3045 578 3138 siccpissern
593 3045 643 3142 ⁸⁸)
667 3046 775 3116 talem
800 3048 938 3133 virum,
963 3051 1174 3122 nnm·velnt
1193 3052 1259 3122 bo·
1310 3047 1418 3116 dendi
1435 3069 1553 3121 causa.
1597 3051 1681 3121 aas.
1707 3049 1905 3143 Quomodo
1920 3055 2249 3150 accepitillevcstrar

262 3170 344 3220 rem
369 3151 415 3220 'sd
436 3152 581 3221 caedem
613 3147 855 3223 abducerem?
897 3175 944 3222 an
969 3175 1055 3226 vero
1072 3155 1197 3248 potius
1218 3154 1258 3248 ln
1310 3145 1539 3222 orationem?
1565 3163 1601 3221 et
1616 3147 1709 3222 nihil
1730 3179 1789 3224 me
1812 3157 1915 3230 celes.
1954 3157 2107 3229 ·Vellem
2125 3155 2201 3227 enim
2218 3169 2249 3218 ut

262 3251 455 3324 consilinm
483 3255 528 3325 de
557 3265 635 3323 toto
665 3275 777 3345 regno
799 3251 974 3327 Graeciam
1005 3259 1257 3332 constituendo
1304 3272 1430 3324 ‘coram
1449 3255 1645 3336 audivisse3
1671 3257 1734 3328 scd
1748 3268 1789 3328 tn
1804 3254 1896 3330 nihii
1908 3261 2068 3335 mnittas.
2099 3260 2247 3351 stegen

263 3351 499 3428 adhiberem?
536 3355 631 3428 Nam
656 3353 761 3431 initio
783 3369 912 3428 natura
938 3360 973 3429 ci
994 3361 1085 3432 bene
1110 3361 1257 3432 affectus
1310 3367 1363 3427 cst
1380 3359 1472 3427 tanti
1487 3357 1556 3430 vici
1575 3359 1779 3432 maresan
1793 3361 1927 3435 exitum
1941 3365 2042 3436 vitae
2056 3353 2247 3452 contendat

194 3481 197 3486 ·
262 3459 316 3533 tui
330 3471 552 3554 proptcrues
568 3458 644 3531 eius
659 3471 794 3553 gestas,
821 3483 863 3530 ac
879 3461 992 3555 magis
1007 3475 1157 3560 propter
1173 3465 1255 3537 Ari·
1308 3465 1430 3530 mum
1456 3460 1603 3553 spiritus
1625 3464 1814 3550 deiecerit,
1846 3479 1969 3540 utrum
1990 3463 2200 3562 expalluerit
2222 3473 2254 3532 u.

259 3562 400 3637 stotelis
424 3562 671 3638 testimoium
686 3561 773 3661 ⁸⁴⁸),
794 3563 864 3660 ·qui
885 3567 1023 3638 solebat
1045 3593 1125 3641 cnm
1150 3591 1255 3662 saepe
1309 3563 1547 3635 constantiam
1577 3565 1696 3659 'animi
1733 3568 1955 3660 retinuerit·
2008 3575 2113 3647 Aret
2149 3564 2254 3650 Nullan

265 3669 312 3740 ad
325 3666 570 3738 Alexandrum
587 3669 680 3739 etad
696 3692 765 3740 nos
779 3667 922 3742 ducere.
974 3669 1117 3744 Etcum
1133 3683 1188 3743 tot
1203 3695 1256 3744 cs-
1305 3667 1603 3762 significationem
1629 3671 1775 3764 pavoris
1797 3675 1921 3748 edidit.
1973 3679 2060 3750 Aret.
2086 3658 2245 3770 Quomodo?

263 3782 361 3854 sent,
387 3768 451 3862 qui
465 3771 512 3840 ad
529 3795 611 3842 eum
629 3771 752 3842 venire
768 3787 1048 3860 consueverant,
1073 3777 1254 3846 neminem
1307 3773 1415 3842 aret.
1459 3772 1629 3844 Suaviter
1648 3775 1745 3844 enirn
1770 3777 1867 3863 risit,
1902 3780 2052 3868 aclnsit
2074 3781 2113 3849 in
2136 3775 2243 3870 pn'outlt

261 3871 314 3946 sic
345 3871 595 3946 admirabatur
621 3887 772 3970 propter
797 3877 1083 3968 magnitudinem
1108 3879 1256 3972 ingenii,
1306 3876 1420 3944 vitem
1444 3899 1582 3962 meam,
1608 3877 1698 3970 (lixit
1719 3900 1779 3970 me
1803 3881 1966 3976 ineptum
1990 3879 2186 3956 histrionem
2203 3889 2243 3942 ttt

262 3976 562 4071 temperantiam,
582 3977 817 4069 gravitatem,
844 4002 1013 4065 acumen,
1040 3981 1255 4069 libertatem,
1306 3989 1455 4048 tuorum
1468 3981 1753 4068 mendatiorum,
1777 4007 1843 4055 nec
1857 4011 1962 4078 pesse
1977 4007 2188 4058 commovere
2199 3999 2242 4070 spe

150 4123 159 4142 ·
262 4094 299 4153 et
310 4081 553 4153 tolerantiam.
594 4079 686 4167 Vos,
712 4083 832 4179 inquit
846 4081 1074 4172 Aristoteles,
1100 4081 1254 4159 similem
1307 4093 1493 4155 ctatorem.
1544 4087 1629 4159 art.
1652 4083 1776 4181 ltaque
1791 4112 1867 4160 non
1884 4089 2034 4164 eredens
2058 4090 2123 4163 tuis
2141 4079 2242 4181 pron't

258 4183 398 4280 putatis
418 4207 494 4257 esse
513 4179 795 4258 Demosthenem
821 4185 983 4274 liubula,
1008 4187 1198 4286 Phrynoni
1221 4204 1257 4262 et
1305 4184 1376 4270 sis,
1410 4187 1603 4282 despondit
1627 4189 1818 4261 animum?
1853 4195 1965 4270 ¹Atel.
1989 4195 2085 4269 lton.
2131 4179 2240 4286 Qtrodi

259 4283 486 4378 Philocrati,
526 4301 562 4362 et
587 4291 771 4361 conam'mi
800 4287 897 4363 hunc
929 4315 1075 4390 quoqne
1103 4295 1254 4389 pecnnia
1307 4289 1432 4360 audies
1457 4290 1624 4387 telique,
1657 4317 1733 4364 uon
1763 4307 1904 4368 tantum
1931 4298 2070 4372 videbis
2091 4297 2180 4365 idem
2197 4305 2238 4359 m

262 4419 506 4491 corrumpere,
524 4395 807 4492 quiursiversum
824 4395 1084 4490 patrimonium
1099 4393 1255 4470 iuAthe·
1306 4387 1492 4479 habuisse,
1533 4396 1733 4468 sedetiam
1761 4421 1882 4470 acrem
1907 4401 2176 4494 obiurgatiouem
2194 4385 2239 4460 affl·

262 4502 402 4577 nienses
428 4499 599 4594 privatim
634 4511 670 4569 et
697 4499 839 4593 publice
862 4501 1025 4571 contidit.
1094 4497 1142 4572 Et
1169 4502 1253 4596 quia
1307 4493 1409 4587 gissa.
1444 4495 1704 4586 Dicamenim,
1724 4503 1808 4597 quia
1825 4503 1938 4578 iubes.
1971 4504 2071 4592 Non,
2085 4501 2193 4597 inquil.
2210 4491 2252 4570 ii.

260 4599 355 4687 nibil
377 4603 549 4698 proficitis
571 4605 743 4696 petuma,
764 4602 904 4676 -mioas
935 4600 1131 4690 adhibetis,
1162 4629 1253 4675 cum
1308 4598 1456 4697 dignum
1482 4613 1534 4674 est
1555 4614 1619 4673 snt
1638 4627 1796 4691 novum,
1822 4606 2078 4680 Macedonibus
2097 4605 2142 4678 sic
2156 4611 2236 4690 capett

249 4709 328 4782 iste
342 4702 668 4800 nihildubitetpro
684 4705 802 4800 patria
818 4719 973 4778 mortem
989 4719 1171 4803 oppetere.
1207 4707 1257 4780 Bt
1306 4697 1601 4790 Demosthenem,
1626 4719 1669 4778 ut
1681 4706 1945 4803 Amphipolim,
1969 4707 2165 4807 Olynthum,
2180 4701 2234 4770 Ort

261 4809 393 4908 siquid
409 4809 450 4879 in
465 4811 567 4882 robis
584 4805 835 4904 reprehendit,
858 4831 963 4902 aegre
978 4811 1090 4884 sertis.
1132 4814 1181 4881 At
1196 4811 1255 4882 ille
1306 4829 1408 4898 pum.
1459 4807 1562 4878 'l'alia
1578 4809 1692 4882 multa
1709 4811 1810 4886 dixit.
1849 4810 2234 4886 Adhibuimusenintff‘

262 4939 309 4988 nc
334 4911 512 5008 populum
533 4913 679 5008 quidem
703 4913 843 4986 metuit.
890 4911 987 4986 'Non
1013 4913 1143 4987 videtis
1172 4936 1255 4986 eom
1307 4921 1450 5002 ptores,
1478 4911 1541 5008 qni
1562 4911 1640 4986 etus
1654 4915 1749 4986 dicta
1767 4916 1983 5012 exciperent.
2036 4917 2125 5009 Epo,
2151 4901 2232 5000 neit

264 5041 386 5090 amore
420 5013 558 5109 patriae
593 5017 851 5110 rempublicam
886 5040 1010 5110 gerere
1043 5041 1085 5089 ac
1113 5021 1257 5104 ducere,
1308 5025 1408 5086 metu
1429 5025 1694 5090 tormentorum
1710 5032 1784 5092 aut
1805 5021 1935 5094 mortis
1958 5043 2033 5095 non
2056 5008 2231 5092 moneor.11¹

1362 5161 1416 5174 ...a
1428 5161 1443 5172 οι
1457 5157 1530 5175 ‘un-n

298 5219 345 5288 ⁴⁹)
364 5221 414 5286 d⁸]
432 5221 475 5276 ⁸⁵⁰
490 5193 576 5274 nette.
594 5191 688 5285 Μ’
711 5217 804 5280 ¹⁹⁸³
824 5184 854 5272 'tn'
869 5220 919 5274 Μ·
936 5221 1012 5274 ¹⁶⁴²·
1032 5195 1129 5274 ⁰¹3³*ss
1174 5194 1177 5204 ¹
1209 5204 1213 5210 ¹
1341 5241 1392 5298 st)
1422 5239 1701 5302 sternutationem]
1724 5237 1765 5291 ete
1789 5239 1876 5297 cates.
1901 5241 1994 5310 taes„
2025 5238 2108 5300 tuta
2133 5229 2170 5282 tt
2187 5213 2228 5273 Ν

297 5309 346 5367 ao)
366 5308 519 5371 osptsscm]
538 5308 580 5359 stc
591 5307 675 5358 tttttt.
693 5305 787 5368 tm,
808 5305 900 5368 tuae
919 5307 969 5360 aa.
986 5307 1060 5360 tut.
1072 5309 1239 5372 coaptasse.
1376 5309 1626 5360 etntutstrattoos.

297 5391 366 5450 se)
383 5392 418 5445 a
430 5391 450 5442 t.
467 5391 497 5440 n
516 5391 599 5444 estu
617 5390 710 5454 asse,
730 5389 806 5441 asar.
825 5395 891 5443 nee
908 5393 1023 5460 menn.
1042 5392 1168 5458 eleyon
1193 5396 1257 5447 arte
1339 5393 1389 5460 se)
1409 5396 1442 5445 a.
1460 5395 1479 5445 t.
1492 5395 1520 5444 n
1532 5396 1617 5448 aeae
1634 5394 1726 5461 ross,
1748 5395 1823 5449 assa
1842 5399 1912 5448 nou
1922 5397 2036 5462 ungu.
2049 5386 2152 5454 north
2164 5381 2228 5429 Ψ

332 5458 526 5510 atestinonto
543 5459 710 5510 nrtstotetts.
1376 5463 1426 5516 ttto
1444 5463 1478 5515 rt
1498 5475 1547 5532 ea,
1567 5475 1637 5529 qnae
1654 5467 1707 5516 sot
1725 5467 1840 5517 nortem
1853 5465 2044 5518 momente
2064 5451 2208 5522 ιΜμοΙῦῑι
