4696 5802
79 195 123 284 ss
202 189 320 268 xxuc
372 187 684 266 sneusmum
717 187 783 262 nr
814 179 1281 262 coronata-seur.
1312 182 1428 258 rau.
1460 183 1546 260 cre.
1586 129 1744 262 criu
1776 185 1969 306 anes.
2018 183 2112 285 ‘ss

75 369 169 447 ue.
189 393 209 436 ε
230 362 451 460 nomme
465 338 634 440 uumu'
704 363 801 440 mu
817 383 898 436 m
915 367 1052 436 m
1101 379 1203 432 sons
1262 357 1455 436 cesum.
1478 361 1637 454 punem
1660 358 1770 434 uase:
1790 358 2014 454 emanue,
2044 387 2103 464 es
2221 351 2229 360 “

246 465 327 572 ]Α
340 491 403 540 ωε
419 491 587 562 persona,
1023 541 1028 554 ι
1102 457 1292 532 lectionem
1325 465 1651 538 commendationis
1677 487 1745 558 pro
1777 463 1933 548 Milone:
1971 468 2104 542 deinde
2186 491 2189 498 '

157 571 188 667 i·
228 577 358 666 ἂν,
390 575 429 644 'ti
442 563 685 668 “viders¹⁴)]
711 560 924 650 dnodiorisc.
961 560 1049 633 Am·
1101 563 1247 639 brevem
1268 567 1581 666 repeticionem&
1616 567 1800 664 petitionis
1838 593 1903 653 seu
1935 572 2104 668 proposi.

70 677 220 774 plificatio
241 699 307 770 per
330 674 602 748 translationem
610 672 671 770 ⁸⁶).
779 675 892 744 Um
913 669 975 740 loc
998 668 1051 738 sic
1101 667 1222 741 tionis.

70 775 186 880 uteo]
209 777 515 856 Artificiosissima
534 773 766 872 amplificatio
794 796 838 846 er
856 769 1048 858 collatione
1182 799 1187 806 ·
1352 839 1424 909 ΑΙ,
1575 821 1578 828 ,
1853 841 1855 844 ¹

69 881 393 978 ulumetpiamis,
453 919 460 928 -
1413 841 1488 913 rud
1520 853 1853 935 argumentum.

1203 975 1388 1071 Principio
1407 991 1460 1050 εει
1480 977 1706 1052 exordiolum
1731 971 1920 1053 continens
1940 1005 2098 1066 causam,

260 1055 397 1128 Aliud
431 1063 745 1148 ”iumentum
763 1047 823 1148 ')·
1101 1103 1165 1148 cur
1182 1091 1256 1150 tam
1273 1081 1346 1152 cito
1367 1081 1488 1154 mittat
1510 1081 1660 1154 litteras.
1718 1081 1811 1154 Huic
1832 1085 1977 1156 additur
2000 1084 2099 1156 aliud

150 1171 246 1268 llaec
273 1193 424 1289 epistola
457 1215 530 1264 una
558 1201 611 1262 est
643 1213 686 1260 ex
717 1182 1047 1282 praestantissimis,
1099 1183 1309 1270 exordium,
1356 1187 1455 1280 quod
1488 1198 1541 1257 εει
1567 1185 1757 1280 proprium
1786 1211 1933 1272 causae,
1973 1201 2098 1284 estque

70 1319 144 1392 quae
162 1298 415 1390 anteponenda
439 1308 493 1368 est
517 1291 641 1366 multis
658 1290 757 1376 aliis,
784 1288 942 1368 maxime
960 1309 1046 1358 vero
1098 1298 1282 1380 sumptum
1298 1313 1342 1362 ex
1356 1289 1577 1362 inversione:
1614 1287 1687 1359 Alii
1710 1289 1946 1396 confidentius
1969 1301 2098 1384 petunt

70 1400 140 1484 illis,
169 1423 260 1496 quas
280 1398 424 1494 scripsit
445 1400 681 1479 adnuerem,
713 1394 849 1476 lilium,
876 1391 1045 1464 libertum
1098 1402 1248 1485 propter
1275 1417 1338 1466 sua
1371 1393 1521 1478 merita,
1555 1415 1621 1488 ego
1647 1406 1773 1465 contra
1795 1391 1876 1464 ideo
1900 1408 1986 1488 peto
2012 1418 2097 1466 con·

71 1527 153 1577 suum
170 1503 368 1588 Tironem,
392 1500 569 1585 Acilium,
595 1511 632 1570 et
655 1500 700 1568 ad
725 1498 918 1590 plerosque
942 1494 1046 1578 alios,
1097 1493 1284 1580 fidentius,
1318 1495 1403 1592 quie
1427 1509 1486 1569 tua
1512 1495 1550 1567 in
1574 1522 1631 1568 me
1651 1495 1822 1568 beneficia
1838 1497 1976 1569 maiora
2000 1511 2098 1586 sunt,

72 1605 196 1704 quaeli)
210 1631 340 1680 omnes
352 1630 427 1678 non
443 1617 528 1678 sunt
544 1601 654 1676 simili
673 1625 757 1673 cura
778 1611 814 1670 et
829 1611 906 1670 arte
926 1599 1046 1672 elabo-
1098 1621 1207 1692 quam
1226 1621 1305 1670 mea
1321 1599 1420 1674 inte.
1471 1597 1519 1670 Et
1536 1600 1636 1670 addit
1652 1601 2005 1676 confirmationema
2032 1625 2096 1674 sua
2183 1683 2188 1701 Ι

69 1721 168 1796 ratae,
189 1711 498 1807 quemadmodum
515 1720 569 1780 est
583 1702 671 1778 hacc
692 1726 861 1798 praesens
882 1701 1046 1796 epistola,
1097 1699 1327 1791 gratitudine.
1379 1701 1519 1775 Deinde
1536 1717 1589 1776 est
1604 1705 1785 1792 narratio,
1811 1704 1899 1800 quid
1913 1717 2008 1800 agat,
2033 1719 2097 1782 aut

70 1811 186 1909 inqua
215 1815 342 1886 omnia
375 1811 570 1908 exquisite,
608 1820 793 1890 accurate,
834 1818 870 1878 et
894 1803 1045 1877 feliciter
1097 1803 1185 1898 quid
1199 1817 1318 1897 petet,
1345 1807 1383 1876 in
1400 1833 1470 1903 qua
1490 1807 1645 1902 denique
1661 1830 1699 1879 re
1715 1809 1761 1880 sit
1775 1809 1843 1881 sibi
1869 1833 1961 1904 opus
1985 1832 2096 1902 opera

70 1915 177 2010 scripta
191 1932 298 2002 sunt,
322 1942 366 1990 ex
381 1941 455 2011 quo
470 1937 600 2009 genere
621 1923 675 1984 est
696 1911 758 1982 illa
784 1909 934 2003 epistola
960 1932 1045 2004 pro·
1097 1905 1284 1994 Curionis,
1311 1921 1435 2005 estque
1448 1912 1679 2006 praeparatio
1694 1907 1782 1984 haec
1795 1913 1957 1986 namatio
1975 1914 2022 1982 ad
2034 1936 2097 2006 pe-

70 2018 123 2088 lira
147 2021 189 2090 ad
212 2019 411 2092 Lentulum
434 2019 473 2088 in
492 2019 586 2098 libro
609 2015 740 2111 primo.
793 2009 881 2082 item
907 2013 1045 2107 plerae·
1097 2009 1274 2087 titionem.
1326 2011 1581 2086 Narrationem
1604 2017 1766 2112 sequitur
1788 2016 1990 2110 propositio
2010 2039 2097 2086 con·

70 2147 123 2218 que
151 2125 193 2194 ad
225 2123 394 2196 Marcum
418 2121 622 2192 Varronem
655 2118 694 2188 in
726 2139 826 2188 nono
854 2115 969 2200 libro,
1009 2125 1046 2186 et
1097 2111 1215 2188 tinens
1235 2113 1469 2209 petitionem,
1503 2134 1540 2190 et
1562 2116 1800 2194 subiiciuntur
1819 2125 1914 2192 duae
1937 2119 2097 2195 raciones

69 2223 132 2310 illa,
167 2251 259 2322 quae
284 2225 417 2320 scripta
438 2237 492 2298 est
519 2225 565 2296 ad
583 2220 756 2296 Luceium
780 2216 874 2290 libro
904 2219 1045 2314 quinto,
1097 2241 1117 2286 a
1149 2217 1297 2290 Milonis
1328 2233 1363 2292 et
1389 2249 1452 2294 sua
1481 2223 1713 2316 gratitudine.
1786 2221 1960 2319 Epilogus
1985 2218 2098 2294 habet

70 2327 170 2424 inqua
186 2343 341 2402 conatur
355 2331 594 2423 persuadere,
628 2336 746 2398 utres
771 2321 849 2420 ε’)
869 2346 907 2394 se
929 2335 1046 2414 gestas
1097 2321 1381 2414 praecisionem,
1430 2349 1523 2424 quae
1559 2341 1613 2401 est
1643 2330 1822 2424 quaedam
1851 2327 2096 2423 amplificatio,
2127 2421 2129 2426 ,

70 2431 128 2524 ipse
142 2431 265 2505 litteris
282 2435 440 2504 mandet.
492 2429 557 2504 Est
572 2440 692 2499 autem
717 2425 857 2520 generis
878 2426 1045 2510 suasorii,
1097 2422 1155 2494 cui
1179 2439 1232 2498 est
1254 2425 1377 2498 addita
1400 2429 1438 2499 in
1466 2431 1555 2514 fine,
1597 2431 1771 2502 etaltera
1803 2428 2095 2505 artificiosissima

71 2535 193 2628 epistola
210 2536 404 2633 petitoria,
427 2560 500 2632 qua
523 2532 753 2604 commendat
769 2527 921 2600 Curioni
938 2529 1046 2600 Milo·
1098 2529 1329 2624 amplificatio
1353 2557 1395 2604 ex
1417 2533 1609 2606 collatione
1632 2533 1755 2609 salutis
1780 2547 1816 2608 et
1836 2529 1991 2630 pietatis.

70 2661 133 2708 nem
157 2663 340 2714 summum
364 2649 470 2712 suurn
497 2635 671 2718 amicum,
705 2645 747 2705 ut
773 2658 854 2706 eum
889 2633 926 2702 in
954 2633 1045 2726 peti-

71 2740 148 2812 tione
162 2744 369 2817 consulatus
383 2739 485 2813 omni
498 2741 617 2814 studio
635 2764 676 2810 ac
690 2738 758 2808 lide
775 2735 933 2808 adiuvet.
975 2735 1045 2808 Ex-

72 2845 187 2916 ordium
204 2860 394 2942 sumptum
411 2839 497 2918 est'a
514 2841 763 2936 magnitudine
788 2841 943 2933 negotii,
977 2853 1045 2912 est·
1200 2845 1297 2916 llaec
1312 2845 1462 2939 epistola
1478 2857 1531 2918 est
1542 2845 1738 2938 petitoria,
1773 2850 1877 2918 etad
1900 2871 2012 2939 genus
2035 2851 2096 2918 de·

72 2971 123 3041 que
138 2949 335 3034 estimatio,
361 2961 521 3021 curtam
546 2949 616 3019 cito
637 2945 774 3017 litteras
797 2941 941 3014 obviam
963 2943 1046 3014 mit·
1097 2949 1325 3021 liberativum
1346 2947 1514 3043 pertinet.
1565 2949 1865 3024 Ambitiosissime
1889 2955 1985 3028 enim
2010 2960 2095 3030 scri-

71 3061 124 3134 tat,
146 3065 268 3126 ctnon
283 3051 405 3151 potius
421 3064 581 3145 expectet
595 3051 670 3136 eius
686 3049 902 3130 adventum,
936 3070 1044 3144 quem
1096 3052 1150 3122 bit
1165 3054 1213 3122 ad
1227 3050 1422 3124 Curionem
1439 3053 1607 3125 iuvenem
1619 3053 1829 3140 florentem,
1865 3069 1900 3127 et
1918 3084 2026 3156 quem
2042 3062 2095 3132 vi-

70 3155 180 3227 sciebat
191 3159 268 3228 iam
284 3183 359 3230 esse
385 3155 424 3226 in
445 3155 585 3227 itinere.
636 3149 876 3224 Excusatione
900 3151 1047 3222 additur
1097 3156 1206 3226 debat
1222 3154 1260 3224 in
1276 3178 1406 3248 magna
1423 3157 1520 3250 apud
1539 3181 1664 3228 omnes
1678 3159 1793 3251 gratia
1811 3185 1905 3247 esse,
1931 3176 1968 3233 et
1983 3166 2095 3236 maxi·

71 3255 148 3331 locus
183 3259 402 3356 captationis
434 3254 707 3329 benevolentiae
737 3277 757 3322 a
790 3253 862 3326 suis
895 3255 1045 3340 meritis,
1097 3283 1175 3330 mas
1195 3261 1289 3332 faces
1311 3255 1458 3330 adhibet
1488 3263 1535 3332 ad
1569 3258 1665 3332 illius
1689 3265 1851 3336 animum
1880 3289 2095 3358 permoven-

71 3385 143 3452 qoae
162 3377 352 3446 extenuat,
385 3376 420 3432 et
442 3361 556 3434 utitur
579 3359 719 3432 erudita
742 3358 965 3444 inversione,
998 3385 1045 3432 ne
1098 3367 1205 3446 dum,
1231 3374 1351 3434 utsuo
1366 3361 1538 3458 suffragio
1557 3363 1732 3438 Milonem
1750 3367 1788 3438 in
1812 3369 1988 3463 petitione
2011 3396 2096 3444 con·

71 3461 208 3540 rideatur
222 3491 415 3562 reposcere
439 3465 591 3558 gratiam
617 3487 685 3556 pro
710 3453 858 3534 mcriiis.
910 3463 1045 3562 Estque
1097 3469 1233 3540 sedatus
1256 3465 1387 3540 iuvare
1402 3467 1502 3540 velit.
1558 3467 1735 3562 Cupieliat
1754 3472 1850 3542 enim
1877 3472 2002 3546 Cicero
2026 3475 2096 3546 Mi·
2157 3539 2162 3550 .

71 3559 138 3638 haec
163 3597 305 3644 summa
337 3567 569 3640 inversionis:
610 3565 695 3640 Non
719 3565 801 3634 ideo
826 3559 894 3634 hoc
913 3568 1045 3638 beneli-
1096 3571 1174 3642 loni
1189 3571 1322 3644 referre
1338 3571 1511 3664 gratiam,
1537 3571 1601 3668 qui
1613 3597 1719 3644 suum
1735 3577 2131 3652 sciturnomen..

71 3669 144 3740 cium
158 3675 267 3747 abste
283 3684 388 3768 peto,
414 3673 514 3768 quod
529 3685 563 3742 te
579 3666 668 3740 mihi
691 3669 820 3740 debere
837 3667 873 3738 id
894 3673 941 3741 oh
967 3696 1044 3742 mea
1098 3676 1210 3747 lutem
1228 3673 1411 3746 Ciceronis
1425 3675 1638 3747 contulerat.
1691 3677 1781 3748 Milo
1806 3667 1928 3752 tamen
1948 3708 1969 3752 a
1986 3683 2096 3756 Pom-

72 3776 175 3846 nerita
190 3792 314 3872 putem
328 3831 338 3862 ,
364 3777 427 3848 sed
443 3775 528 3872 quia
547 3789 588 3846 tu
603 3786 707 3844 antea
727 3795 784 3842 me
801 3773 923 3845 multis
939 3774 1046 3846 bene·
1097 3779 1180 3872 peio
1196 3781 1367 3865 desertus,
1385 3779 1520 3850 destitit
1534 3802 1555 3847 a
1572 3779 1746 3870 petitione
1762 3785 1979 3858 consulatus.
2009 3786 2098 3861 Post

72 3875 314 3964 ficiisaliecisti,
341 3893 376 3951 et
394 3880 494 3980 quod
508 3878 614 3972 cupio
629 3877 695 3946 tibi
717 3899 826 3970 quam
848 3878 1044 3968 plurimum
1098 3883 1145 3954 ob
1163 3881 1283 3954 Clodii
1295 3883 1441 3952 caedem
1458 3880 1658 3954 Massiliam
1677 3884 1875 3968 inexilium
1892 3887 1992 3962 abiit.
2026 3888 2097 3964 Ex.

73 3979 188 4056 debere.
254 3982 429 4057 Narratio
454 4005 598 4054 causam
622 3979 783 4050 continet
805 3979 860 4050 sui
893 3981 1046 4066 consilii,
1099 3986 1242 4058 ordium
1259 3999 1443 4084 sumptum
1459 4002 1512 4062 εει
1525 3979 1548 4055 ε’
1561 3989 1808 4079 magnitudine
1824 4016 1971 4065 causae:
1997 3991 2097 4067 Tan·

74 4109 163 4178 quare
186 4087 336 4161 sollicite
360 4087 560 4157 intercedat
581 4108 649 4178 pro
666 4083 824 4166 Milone,
859 4085 1046 4170 nimirum,
1099 4104 1266 4162 tumesse
1283 4091 1490 4185 negotium,
1516 4103 1569 4174 ut,
1592 4092 1732 4164 etiamsi
1748 4094 1836 4165 sciat
1846 4095 2040 4170 Curionem
2058 4101 2097 4172 in

74 4191 150 4280 quod
163 4191 281 4288 cupiat
296 4191 330 4261 ei
347 4187 500 4262 vicissim
514 4191 665 4260 reddere
679 4185 853 4282 gratiam,
887 4215 959 4284 quo
983 4190 1047 4260 tri·
1099 4195 1228 4266 itinere
1250 4217 1345 4280 esse,
1378 4208 1500 4267 tamen
1521 4218 1596 4265 non
1620 4195 1780 4288 potuerit
1804 4199 1878 4272 eius
1901 4205 2096 4278 adventum

74 4287 150 4362 buno
170 4295 324 4366 maxima
349 4295 453 4364 laude
480 4292 561 4363 extri
583 4292 767 4365 restitutus
788 4290 846 4362 sit.
906 4290 1047 4364 Deinde
1100 4311 1296 4393 expectare.
1362 4297 1502 4370 Deinde
1526 4299 1799 4392 occupationem
1826 4305 1945 4390 addit,
1973 4331 2019 4378 ne
2043 4309 2097 4380 vi.

76 4412 247 4490 sequuntur
280 4400 354 4469 duo
387 4408 599 4489 argumenta
636 4420 655 4464 ὃ
686 4393 850 4490 P⁰⁸⁸ibili
882 4407 917 4465 θῑ
938 4397 1046 4469 facili·
1099 4407 1227 4475 deatur
1250 4419 1437 4496 reposcere
1459 4400 1612 4494 gratiam
1641 4427 1661 4474 a
1687 4404 1864 4478 Curione:
1906 4409 1991 4482 Non
2012 4411 2094 4486 ideo

75 4492 179 4572 Postea
196 4516 249 4575 cst
262 4499 411 4595 petitio,
438 4525 532 4596 quae
548 4502 638 4570 duas
659 4493 769 4570 habet
790 4497 969 4583 rationes,
997 4501 1047 4570 al·
1099 4521 1184 4602 peto
1204 4531 1222 4575 a
1240 4517 1275 4576 te
1293 4506 1524 4589 beneficium,
1550 4509 1647 4602 quod
1667 4519 1702 4578 te
1725 4505 1815 4580 mihi
1829 4510 1874 4580 'id
1896 4513 2028 4586 debere
2049 4519 2095 4588 oh

77 4609 196 4675 tuaest
216 4633 234 4674 a
258 4601 478 4696 gratitudine
493 4601 642 4674 Milonis
651 4655 668 4710 ,ι
700 4604 811 4672 altera
835 4625 855 4670 a
880 4627 943 4676 sua
967 4627 1047 4697 per·
1099 4637 1179 4683 mea
1194 4609 1324 4681 merita
1339 4621 1476 4704 putem,
1502 4612 1564 4682 sed
1581 4614 1679 4707 quod
1692 4613 1797 4706 cupio
1812 4614 1878 4684 tibi
1893 4642 2003 4712 quam
2017 4621 2096 4715 plu.

1099 4716 1233 4788 rimum
1258 4709 1400 4785 debere.
1466 4713 1595 4787 Postea
1618 4729 1744 4788 namet
1763 4743 1868 4790 suum
1895 4723 2097 4814 consilium,

102 4817 141 4884 tt)
158 4823 279 4887 cmm]
297 4825 347 4876 ra
368 4825 444 4876 reso.
461 4827 550 4878 ιιεεει.
1100 4843 1163 4892 cur
1185 4815 1361 4888 Milonem
1382 4819 1504 4912 cupiat
1526 4820 1661 4890 iuvare.
1720 4821 1885 4894 Tandem
1902 4831 2095 4924 proponit:

103 4907 905 5045 “pumlofflmffiffilfflssffi’mssm
921 4911 982 4962 *Μ
998 4921 1047 4964 '⁰‘
1099 4923 1176 4994 Oro
1200 4921 1328 5014 igitur,
1366 4937 1408 4991 ut
1429 4947 1510 4994 eum
1536 4921 1660 4994 iuvare
1681 4925 1780 4997 velis.
1838 4929 1952 5002 Addit
1974 4949 2095 5008 autem

103 5057 143 5126 n)
159 5065 228 5118 uso
244 5073 311 5120 „u
327 5067 355 5118 1,
372 5065 459 5120 mg·
475 5065 570 5132 mg,
588 5065 665 5118 15⁶0,
683 5065 775 5118 aaut.
1099 5029 1188 5100 duas
1202 5025 1382 5111 rationes,
1415 5027 1563 5098 alteram
1587 5051 1608 5095 a
1627 5025 1794 5114 Milonis,
1827 5035 1977 5109 alteram
1997 5064 2015 5106 a
2031 5064 2093 5110 sua

104 5147 417 5276 iil-lppum'srgprffippltnmnr
435 5155 464 5205 st
481 5153 534 5207 dnn
552 5153 697 5218 sequentia
715 5155 750 5204 st:
768 5152 851 5204 auu
867 5152 960 5219 tm,
980 5151 1048 5206 raes
1099 5131 1329 5224 gratitudine.
1382 5125 1422 5198 ln
1440 5132 1510 5200 fine
1528 5130 1627 5200 addit
1644 5133 1851 5207 clausulam.

105 5299 144 5366 tt)
160 5310 237 5369 qm]
256 5309 296 5361 no
312 5309 361 5361 ra.
376 5261 471 5372 rem,
496 5309 547 5361 uo.
564 5307 639 5362 terr.
657 5307 738 5376 qus,
761 5307 845 5361 rotet.
864 5307 950 5376 ress,
971 5307 1046 5362 ress.
1100 5295 1143 5306 ““’
1427 5273 1433 5294 “

108 5379 406 5520 &muggam
439 5499 442 5514 ι
1133 5389 1407 5514 εοὲὲθμξειεεεοι]
1426 5387 1468 5442 ue
1481 5389 1565 5444 rue
1581 5390 1790 5456 uss-um
1808 5391 1857 5448 m
1870 5393 1947 5452 rssc
1965 5399 2097 5468 ειμι..

85 5537 240 5612 mon.
254 5548 359 5614 orne
390 5547 477 5614 vn.
494 5549 601 5613 xvu.
668 5609 672 5614 .
1332 5635 1338 5644 .
1502 5527 1526 5602 ⁵

1339 2704 1481 2777 Aliud
1515 2720 1850 2800 argumentum.
