4548 5788
15 203 75 289 025
222 195 364 270 XXXV.
400 195 804 273 INTERPRETA'I'IO
829 195 1094 278 ORATlOlllS
1117 199 1463 278 Dauos'rttuttts
1485 203 1553 302 DE
1580 203 1790 280 cottone.
1953 209 2033 288 820

12 372 169 452 Munichia
199 371 311 456 sedit,
343 371 464 446 nullus
497 397 518 442 a
541 371 731 446 classiariis
750 371 891 444 vinetus
915 383 981 458 est,
1034 376 1179 461 datum,
1205 401 1282 447 nou
1296 389 1448 470 propter
1463 376 1687 464 curationes,
1713 381 1757 451 de
1773 380 1902 476 quibus
1917 381 2028 452 ratio·

13 474 261 578 quiooufuerit
274 476 432 559 solutus,
465 475 563 548 nulla
588 476 745 548 triremis
764 476 853 554 foris
878 487 981 568 capta
1032 501 1096 550 nes
1111 480 1318 551 referendae
1334 494 1448 554 eram.
1501 480 1570 553 Sed
1585 483 1790 574 praefuisti,
1816 484 1947 578 inquit,
1972 507 2030 554 re-

12 585 119 679 periit,
142 603 257 674 neque
273 575 469 650 hierelicta
486 591 557 664 est,
584 582 891 674 propterea'quod
906 601 982 648 non
1021 581 1178 653 fectioni
1194 583 1408 655 murorum?
1458 581 1694 677 Respondeo:
1731 610 1846 681 eoque
1861 587 2029 675 laudatus

11 690 158 758 instructa
190 694 281 754 esset
312 683 359 752 ad
397 680 610 753 solvendum
648 695 808 776 portum.
875 681 981 752 Talia
1034 709 1133 769 sum,
1165 687 1265 778 quod
1288 687 1331 756 de
1354 711 1435 758 meo
1459 687 1656 760 liberaliter
1679 689 1803 758 addidi
1824 687 2030 782 pecuniam,

12 789 103 860 multa
120 784 343 869 acciderunt,
369 809 449 856 cum
468 785 609 879 priores
623 786 719 877 leges
732 797 870 869 essent,
897 783 980 880 quia
1034 811 1144 884 quam
1161 811 1237 858 non
1251 801 1375 882 repeto
1391 813 1412 858 a
1427 790 1621 882 republica.
1659 790 1754 863 Nam
1769 792 1800 866 si
1815 804 2030 884 repeterem,

12 913 163 985 pauperes
177 911 223 958 ue
236 899 405 979 poterant
420 889 565 982 quidem
591 883 682 959 haee
702 911 853 960 munera
877 887 982 959 susti-
1033 891 1134 982 prius
1147 892 1305 964 rationes
1318 893 1570 966 subducendas
1584 907 1720 978 essem,
1747 918 1814 987 pro
1828 897 1925 964 dono
1941 917 2029 964 vero

12 1019 89 1066 nere.
138 989 228 1072 Cum
247 989 358 1082 igitur
378 992 425 1060 ab
444 987 500 1063 bis
524 992 570 1061 ad
595 992 786 1084 opulentos
809 991 982 1062 translata
1034 993 1148 1085 gratia
1173 1007 1209 1066 et
1229 995 1307 1067 laus
1331 994 1531 1066 tribuenda
1550 1009 1613 1068 est.
1675 994 1833 1092 Ideoque
1859 991 2029 1088 Ctesipho

12 1109 121 1178 sunt,
167 1093 296 1168 ordine
335 1095 471 1166 fiebant
509 1095 710 1168 necessaria
750 1092 981 1186 reipublicae.
1035 1097 1216 1168 decretum
1235 1099 1349 1168 deme
1364 1098 1458 1170 fecit.
1511 1097 1621 1191 Quod
1639 1112 1759 1172 autem
1774 1098 1862 1170 haec
1877 1099 1927 1170 ita
1945 1099 2031 1184 sint,

12 1199 91 1268 donc
104 1196 213 1291 igitur
230 1197 276 1266 ob
303 1219 447 1268 causam
468 1197 574 1268 laude
602 1198 732 1290 dignus
751 1222 851 1281 sum,
883 1197 983 1292 quod
1034 1199 1109 1270 n'on
1124 1201 1241 1272 solum
1257 1201 1352 1291 leges
1368 1213 1527 1284 vestrae,
1554 1203 1616 1271 sed
1632 1214 1668 1271 et
1682 1225 1803 1274 mores
1819 1215 1855 1274 et
1867 1201 2030 1295 exempla

12 1303 75 1371 alia
98 1299 239 1393 negotia
264 1299 303 1368 in
324 1300 507 1392 republica
529 1299 689 1394 suscepi,
725 1325 818 1395 quae
845 1297 983 1368 civitati
1034 1315 1222 1375 testantur.
1274 1303 1459 1376 Nausicles
1474 1329 1555 1375 cum
1573 1306 1647 1376 dux
1663 1316 1772 1388 esset,
1805 1328 1911 1396 saepe
1926 1326 2031 1375 coro·

12 1405 141 1496 gloriosa
170 1404 337 1486 fuerunt,
368 1415 404 1473 et
432 1405 634 1497 potentiam
663 1413 850 1474 auxerunt.
907 1400 983 1474 Nec
1034 1417 1229 1490 natusest,
1254 1419 1443 1499 propterea
1461 1408 1558 1502 quod
1577 1409 1700 1479 desua
1716 1405 1853 1501 aliquid
1874 1406 2032 1477 liberali·

12 1507 58 1576 'uit
70 1506 180 1577 ullum
195 1529 316 1577 meum
333 1506 520 1576 consilium
546 1506 584 1576 in
609 1505 790 1602 republica
815 1503 982 1597 impium,
1014 1565 1015 1586 2
1035 1503 1091 1579 ter
1105 1511 1339 1602 expenderat;
1365 1509 1602 1594 etDiotimus,
1619 1511 1717 1606 quod
1732 1511 1874 1604 clypeos
1889 1533 1952 1582 sua
1967 1533 2035 1603 pe-·

12 1610 176 1692 uerbum,
204 1608 442 1694 virulentum,
468 1605 604 1692 humile
623 1623 658 1680 et
680 1607 869 1702 indiguum
897 1605 983 1677 civi·
1036 1613 1140 1682 cunia
1159 1625 1366 1696 curaverat,
1392 1624 1428 1683 et
1444 1609 1739 1710 Charidemustt)
1755 1611 1921 1683 coronati
1935 1623 2034 1684 sunt.

12 1726 72 1783 ate.
126 1710 283 1808 Fuitque
312 1712 482 1810 uoluntas
512 1713 636 1782 eadem
669 1711 707 1782 in
735 1711 889 1804 negotiis
917 1733 984 1780 no-
1034 1712 1175 1784 Deinde
1197 1709 1313 1784 ethic
1336 1711 1612 1806 Neoptolemus,
1643 1741 1723 1786 cnm
1747 1715 1893 1810 quidem
1917 1715 2031 1786 multa

12 1828 82 1884 ¹‚trae
110 1814 286 1898 civitatis,
324 1826 360 1884 et
389 1813 582 1886 intuenda
605 1817 769 1915 libertate
793 1811 982 1886 universae
1036 1817 1180 1909 negotia
1199 1817 1478 1902 administraret,
1502 1814 1641 1889 honore
1657 1817 1804 1889 affectus
1819 1830 1872 1888 est
1882 1829 2032 1911 propter

12 1915 167 1990 iraeciae.
219 1916 313 1989 Nam
338 1941 405 1988 nec
425 1919 524 1990 domi
544 1918 659 2026 pluris
678 1917 746 1989 feci
767 1915 985 1988 benevoleu·
1036 1921 1146 1992 dona.
1196 1919 1403 1992 Absurdum
1421 1933 1532 2004 esset,
1565 1921 1597 1993 si
1620 1921 1870 2012 magistratum
1892 1917 2031 2012 gerenti

12 2020 75 2088 iam
90 2017 310 2114 locupletum
326 2045 435 2115 quam
456 2019 650 2108 iustitiam,
683 2019 810 2092 necin
831 2017 984 2112 negotiis
1036 2035 1100 2096 aut
1130 2045 1206 2094 noo
1233 2020 1358 2094 liceret
1385 2023 1523 2118 aliquid
1551 2025 1688 2094 donare
1720 2021 1856 2094 civitati
1880 2032 2033 2116 propter

12 2122 157 2194 {caeciae
173 2122 275 2216 regia
292 2125 387 2220 dona
404 2126 519 2218 magis
544 2125 718 2218 expetivi,
754 2147 864 2221 quam
887 2147 984 2194 com·
1035 2125 1305 2217 magistratum,
1341 2138 1421 2210 aut,
1453 2126 1484 2200 si
1504 2125 1592 2221 quid
1616 2127 1781 2210 darem,
1814 2135 1937 2218 postea
1962 2145 2039 2216 pro,
2102 2175 2105 2182 -

12 2251 128 2296 aunem
142 2225 309 2298 omnium
326 2227 491 2301 salutem.
548 2225 654 2302 Nunc
674 2227 784 2322 igitur
803 2223 983 2320 reliquum
1036 2229 1152 2323 gratie
1167 2229 1286 2301 subire
1301 2229 1446 2302 iudicia.
1505 2228 1566 2300 Me
1588 2253 1672 2299 vere
1696 2229 1814 2315 dieue
1835 2228 1958 2298 videre
1981 2235 2035 2298 eu

12 2340 61 2414 est,
95 2331 202 2400 utde
225 2329 420 2422 praeconio
442 2331 543 2402 etde
565 2331 760 2403 referendis
783 2328 984 2400 rationibus
1037 2357 1080 2403 ex
1095 2334 1251 2405 decreto.
1302 2331 1429 2404 Recita
1450 2333 1646 2404 decretum.

12 2432 112 2504 licam.
163 2433 277 2528 Quod
293 2433 388 2504 enirn
407 2435 542 2528 optima
566 2434 720 2527 egerim,
754 2445 790 2502 et
809 2445 983 2527 perpetua
1338 2491 1374 2558 D
1527 2495 1542 2556 t
1645 2453 1731 2532 m·

12 2534 38 2603 it
49 2559 121 2606 mea
140 2559 226 2628 erga
243 2561 309 2608 vos
328 2536 577 2608 benevolentia
600 2551 636 2608 et
654 2535 901 2608 benefaciendi
920 2559 984 2604 vo-
1390 2510 1513 2560 ‘⁰¹³⁰
1558 2513 1581 2558 u
1598 2511 1632 2557 ”⁸
1701 2484 1730 2581 )·

12 2651 121 2724 uuus,
148 2664 194 2709 ex
208 2633 285 2726 his,
312 2663 405 2734 quae
420 2641 512 2712 dieta
531 2653 633 2725 sunt,
662 2650 824 2733 apparet.
875 2637 984 2709 Prae·
1138 2629 1304 2698 Praefers
1315 2626 1501 2696 Demoaiea
1515 2626 1666 2696 Senatus
1687 2619 1848 2710 etpopuli
1864 2619 2034 2690 umentia

12 2740 127 2834 :ipuam
163 2765 254 2812 vero
286 2755 429 2835 partem
469 2768 634 2816 meorum
676 2739 908 2834 consiliorum
950 2751 986 2810 et
1038 2733 1166 2807 Gallias
1180 2732 1322 2819 scripsit
1334 2731 1523 2812 decretum,
1549 2729 1636 2822 quad
1647 2728 1756 2796 vuum
1774 2728 1821 2795 sit
1832 2724 1979 2794 Seruari
2001 2729 2035 2792 ei

12 2845 169 2916 actionum
187 2869 373 2940 seponam.
425 2845 532 2920 Prius
547 2847 642 2917 enim
664 2843 792 2916 urdine
813 2845 858 2915 de
883 2868 985 2915 accu·
1033 2836 1154 2924 mult
1177 2855 1340 2914 coronare
1361 2831 1577 2913 Nauteam.
1609 2830 1694 2924 wll
1714 2830 1780 2900 ‘1¹⁴⁰
1800 2825 1910 2896 millia
1924 2823 2034 2894 ΜΒ·

12 2947 124 3019 atione
140 2950 435 3042 respondendum
452 2963 521 3032 est;
549 2947 678 3020 deinde
693 2946 836 3020 etiamsi
847 2949 890 3017 de
906 2969 985 3016 cae·
1036 2937 1252 3008 niensiumin
1266 2933 1380 3005 lmiro
1392 2928 1486 3025 (cum
1501 2955 1568 3002 aaa
1580 2940 1691 3023 posset
1700 2939 1840 3019 propter
1853 2933 2034 3015 tempesta-

12 3051 72 3122 eris
92 3076 169 3122 nou
197 3051 343 3136 dixero,
384 3066 522 3124 vestrae
551 3051 786 3123 conscientiae
812 3049 985 3123 iudicium
1035 3049 1087 3111 tes
1099 3037 1247 3113 Patous
1262 3039 1443 3126 nauigare,
1467 3038 1524 3106 eui
1542 3031 1692 3125 affictum
1714 3033 1775 3104 loc
1794 3031 2036 3100 demandatum

12 3177 45 3224 ne
61 3155 144 3227 satis
160 3154 356 3226 excusabit.
414 3153 589 3228 Existimo
616 3167 735 3226 autem
755 3177 821 3226 nec
844 3178 909 3224 vos
930 3173 985 3224 sa·
1035 3151 1134 3226 Ml»
1172 3138 1324 3213 ”wilm
1343 3149 1381 3208 ¹⁴¹
1402 3139 1569 3210 mllllllffl
1588 3137 1729 3208 wilm!
1750 3129 1937 3226 stipendia)
1959 3132 2034 3200 ⁸¹⁴st

12 3255 35 3328 is
48 3255 261 3330 intellexisse
275 3281 472 3342 sermones,
497 3283 588 3356 quos
605 3283 745 3330 sursum
760 3281 802 3327 ac
817 3258 983 3328 deorsum
1036 3243 1223 3334 tumuli&
1251 3242 1357 3325 ululis
1395 3249 1430 3312 θ(
1459 3241 1550 3312 lm
1574 3240 1787 3329 ΡΜΜΝ
1816 3239 1855 3308 ⁸⁰9⁸
1877 3233 2035 3308 Bam·

13 3362 148 3432 onfudit
169 3362 216 3432 de
237 3361 375 3456 legibus
400 3386 589 3456 perperam
614 3361 772 3454 scriptis,
814 3383 879 3452 ego
907 3357 986 3454 qui·
1037 3349 1142 3423 taliis
1158 3341 1218 3441 ²¹).
1285 3393 1288 3398 ·
1564 3345 1570 3356 ’
1718 3435 1720 3440 ,

12 3465 67 3533 lem
86 3489 221 3558 magna
243 3489 286 3534 ex
308 3475 411 3557 parte
434 3487 510 3535 non
530 3463 699 3536 intellexi.
768 3462 986 3556 Simpliciter
1331 3493 1470 3568 Ama
1494 3497 1739 3566 Decretum·

13 3578 105 3637 utem
139 3583 177 3639 et
207 3581 304 3638 recta
329 3564 387 3636 via
409 3569 455 3637 ad
480 3567 742 3640 accusationem
766 3566 985 3660 respondeo:
1046 3624 1050 3633 .

12 3668 145 3742 lantum
163 3673 284 3756 abest,
310 3681 351 3742 ut
365 3669 481 3740 dicam
508 3695 566 3742 me
587 3695 664 3742 non
687 3669 816 3740 debere
837 3669 986 3738 reddere

12 3772 164 3860 stiones,
193 3776 291 3868 quod
313 3772 379 3845 iste
401 3797 498 3844 nunc
521 3797 627 3866 saepe
649 3796 707 3844 me
728 3773 896 3864 defugere
920 3769 988 3840 cri-

12 3875 171 3963 ainatur,
211 3890 254 3946 ut
281 3877 457 3946 affirmem
478 3899 618 3970 semper
639 3900 698 3944 me
721 3899 795 3946 csse
818 3886 986 3968 paratum

12 3979 147 4053 stiones
165 3978 329 4050 omnium
348 3981 516 4066 reddere,
551 3977 703 4075 quaein
728 3991 805 4048 tota
828 3978 902 4046 vita
925 3976 987 4045 ad-

12 4081 194 4154 rinistravi
210 4094 272 4154 aut
288 4083 390 4176 gessi.
442 4081 481 4153 Si
498 4081 584 4179 quid
599 4107 685 4154 vero
700 4094 827 4176 sponte
843 4105 885 4152 ex
899 4077 987 4149 meis

12 4187 218 4259 multatibus
231 4187 366 4257 donavi
382 4187 539 4280 populo,
565 4187 609 4256 de
630 4210 672 4256 eo
690 4185 806 4256 sentio
830 4209 888 4254 me
910 4207 987 4254 non

13 4289 117 4361 ebere
136 4291 318 4361 rationem
336 4290 503 4386 cuiquam
519 4290 691 4372 reddere,
717 4311 783 4358 nec
807 4287 886 4358 aliis
909 4286 988 4383 qui-

12 4415 85 4479 em,
117 4417 189 4465 nec
210 4393 242 4466 si
265 4391 375 4464 fuerit
397 4417 490 4465 unus
516 4417 559 4463 ex
582 4415 713 4462 novem
735 4387 834 4462 viris.
885 4388 988 4486 Quae

12 4495 82 4566 nim
99 4510 157 4568 est
170 4491 259 4568 haec
275 4509 349 4565 tam
365 4492 496 4567 iniusta
516 4507 551 4564 et
565 4490 763 4567 inhumana
784 4493 862 4576 lex,
896 4515 990 4588 quae

12 4613 135 4670 antem
160 4597 359 4670 liberaliter
381 4623 458 4668 non
477 4599 594 4670 solum
618 4597 731 4690 gratia
756 4595 894 4689 privet,
926 4596 990 4668 sed

12 4699 91 4772 iam
112 4697 348 4800 sycophantis
372 4700 538 4788 obiiciat,
565 4715 601 4773 ct
615 4713 718 4793 cogat
741 4701 785 4770 de
809 4700 909 4769 dono
931 4721 990 4767 ra·
1031 4769 1035 4780 ,

12 4829 128 4876 onem
152 4803 328 4877 reddere?
386 4803 487 4877 'l'alis
509 4805 608 4876 nulla
632 4814 705 4887 est,
739 4815 803 4874 aut
825 4801 857 4874 si
879 4826 988 4897 quam

12 4907 230 4996 tonstrabit,
255 4907 435 5005 quiescam
455 4920 491 4978 et
505 4909 652 4991 tacebo,
685 4907 749 4978 sed
763 4905 901 4976 nullam
915 4929 989 4978 esse

12 5012 220 5106 erspicuum
237 5024 301 5084 est.
352 5012 401 5081 At
416 5009 552 5095 obiicit,
576 5034 658 5083 cum
674 5022 750 5080 tum
768 5033 787 5080 a
805 5005 987 5101 republica

12 5110 79 5184 tihi
95 5113 191 5186 aliae
206 5113 409 5187 curationes
423 5115 615 5185 mandatae
634 5111 789 5197 suerint,
824 5112 922 5207 quod
945 5112 990 5179 de
1074 5171 1125 5232 ²⁰)
1144 5170 1339 5232 camaenas]
1369 5167 1411 5219 '¹⁰
1433 5165 1649 5232 mm:
1665 5155 1846 5232 mam
1880 5151 1932 5207 Μ
1957 5149 2041 5206 m,

13 5217 148 5288 reunia
170 5215 401 5290 theatralium
430 5215 595 5288 nonfuit
618 5215 779 5286 laudatio
801 5214 988 5286 scribenda
1110 5237 1283 5294 centenus.

12 5331 73 5390 ute
90 5320 226 5395 relatas
238 5321 410 5394 rationes.
458 5320 574 5391 Plana
587 5319 774 5413 responsio
791 5329 854 5389 est.
895 5314 989 5386 Lau·
1074 5298 1872 5445 {ssllfflffl'fflffffffibffiffiffiffiffl
1887 5359 1983 5418 mg,

12 5433 93 5494 atus
118 5447 198 5496 sum
218 5438 372 5519 propter
394 5425 531 5496 donum
553 5421 771 5517 reipublicae
792 5419 989 5493 liberaliter
1075 5449 1126 5510 m)
1143 5451 1266 5504 cmm
1293 5439 1452 5515 mam.

1141 3636 1281 3705 Gensuit
1297 3633 1423 3703 Gallim
1437 3653 1486 3698 aa·
1498 3631 1668 3700 sententia
1681 3629 1850 3708 Senatus,
1876 3625 2037 3717 quoniam

1039 3739 1259 3810 Charidemus
1279 3737 1403 3804 misma
1422 3734 1469 3800 ad
1491 3729 1676 3800 militesia
1699 3728 1916 3800 Salaminam
1936 3727 2035 3794 insu·

1038 3841 1126 3923 iam,
1151 3847 1184 3908 et
1200 3839 1374 3907 Diotimus
1393 3836 1518 3905 misam
1539 3833 1585 3900 ad
1609 3834 1755 3927 equites,
1781 3827 1937 3921 spoliatis
1957 3828 2036 3924 pui-

1039 3940 1178 4012 iusdam
1204 3940 1371 4010 militibus
1400 3937 1443 4006 ui
1472 3935 1622 4006 iactibus
1652 3936 1690 4004 ia
1722 3955 1837 4024 papea
1858 3929 1954 4021 [acu
1989 3931 2036 4000 ad
2068 3947 2077 3960 ·

1039 4049 1316 4138 Aegospotamos,
1356 4041 1509 4130 propriis
1526 4037 1716 4128 sumptibus
1736 4059 1835 4106 arma
1857 4054 2034 4120 compara·

1038 4149 1151 4218 veriat
1159 4197 1171 4230 ,
1196 4148 1306 4216 uisum
1316 4153 1368 4214 cst
1382 4145 1529 4214 Senatui
1544 4151 1577 4213 et
1594 4141 1715 4231 papulo'
1730 4158 1893 4226 emanare
1910 4133 2036 4207 Obari-

1038 4255 1171 4322 demum
1195 4258 1228 4320 et
1249 4251 1441 4320 Diotimum
1465 4268 1571 4315 aurea
1595 4265 1738 4326 corana,
1769 4249 1802 4310 et
1821 4236 2036 4330 proclamare

1039 4359 1078 4426 in
1090 4353 1191 4444 festis
1204 4351 1457 4422 Panathenaeis
1469 4356 1503 4417 es
1517 4351 1556 4418 iu
1569 4343 1829 4434 Baealamliis,
1852 4339 2036 4430 trapoediis

1040 4462 1147 4534 aevis.
1198 4453 1426 4526 Proclamatia
1439 4460 1552 4522 amem
1565 4473 1668 4522 surae
1686 4450 1733 4517 sit
1746 4445 1909 4518 Serviris
1916 4493 1929 4527 ,
1952 4463 2035 4512 aaa·

1040 4561 1170 4630 salidus
1180 4553 1247 4652 ¹¹),
1273 4554 1493 4647 upanotlsetis.
2039 4626 2042 4634 ¹

1143 4659 1284 4728 Horum
1310 4655 1478 4748 singulis,
1510 4644 1707 4735 Aeschine,
1739 4648 1786 4717 de
1811 4643 2038 4740 magistratu,
2118 4731 2120 4738 Α

1041 4787 1149 4860 quem
1175 4771 1379 4854 gesserunt,
1421 4755 1580 4828 rationes
1601 4751 1809 4826 referendae
1843 4760 1948 4820 erant
1976 4771 2036 4818 eo-

1040 4892 1144 4952 rum,
1171 4865 1218 4935 ob
1235 4888 1329 4962 quae
1351 4861 1620 4932 coronabantur
1644 4881 1721 4927 non
1742 4855 1846 4936 item;
1879 4847 2035 4946 proinde

1039 4994 1106 5040 nec
1122 4962 1225 5042 mihi.
1274 4964 1316 5037 lu
1332 4963 1439 5037 simili
1455 4963 1551 5035 enim
1574 4983 1680 5034 causa
1703 4957 1819 5031 simile
1841 4951 1932 5048 mihi
1953 4977 2036 5024 cum
