4548 5788
33 184 92 260 m
199 165 206 294 j
233 171 376 248 xxxv,
421 168 822 248 nmernerano
847 169 1109 259 omrmms
1133 129 1479 248 oanosrrmnrs
1503 173 1570 247 aa
1597 174 1808 250 conone.
1964 181 2042 258 ser

29 359 144 429 ariter
162 353 279 422 eiedoe
296 350 498 438 Μαρίου,
533 359 568 424 et
587 351 696 422 mrito
718 350 946 421 hamanitatis
967 359 1000 420 et
1049 347 1249 418 bernantur
1269 345 1461 432 divinitus,
1488 347 1551 418 sed
1574 347 1741 434 consilia,
1763 350 1871 420 fidem
1892 351 2045 446 diligen-

29 461 172 531 relelrrtn
199 451 311 542 officie
338 455 552 542 praestitisse
592 453 773 524 thetonis.
833 453 1000 538 Quomod-
1021 422 1026 460 Ι
1049 449 1138 519 tiam
1162 451 1379 522 consulentis
1403 453 1607 523 ostendunt.
1659 451 1735 524 Nec
1758 477 1824 544 ego
1846 467 2040 548 propterea
2072 447 2075 453 Δ

28 585 87 634 nrt
99 581 138 628 ae
152 581 240 627 nuso
250 557 384 652 quidem
395 556 554 650 populare
567 557 807 628 Atheniensem
824 557 1000 626 nerano-
1050 552 1203 623 iniustus
1217 553 1270 622 fui
1283 577 1366 646 erga
1389 553 1564 646 patriam,
1588 557 1688 649 quod
1711 551 1825 627 hostis
1840 555 1880 626 in
1898 559 1973 629 acie
1987 559 2044 628 vi·

26 663 366 754 mammemque
375 662 582 732 &meamea
594 657 999 749 commodiadefirtoram
1050 655 1110 726 cit.
1161 654 1256 726 Nam
1283 657 1414 748 proelii
1443 657 1556 729 exitus
1585 657 1624 728 in
1654 670 1832 750 potestate
1858 658 1937 734 Deix
1953 673 2042 748 erat,

26 767 182 855 amnesi
203 787 278 834 ram
297 765 349 832 eie
363 764 404 831 de
424 765 575 834 ineunda
589 773 624 835 et
646 765 803 834 totietate
824 771 857 832 et
880 759 1000 850 offini-
1050 757 1188 828 nonin
1209 781 1302 829 mea.
1353 759 1424 830 Sed
1446 756 1536 832 hacc
1556 761 1756 846 ostendito,
1782 786 1841 832 me
1863 785 1939 832 uon
1956 789 2043 857 pro·
2160 825 2167 835 .

22 878 96 954 tote,
131 877 164 937 et
186 867 406 936 animato
426 869 540 937 doado
556 875 590 936 et
612 868 815 956 arripiendo.
857 866 1000 954 ¹Legati
1051 859 1207 954 spexisse
1223 872 1327 946 ante,
1354 887 1446 958 quae
1464 863 1668 956 praevideri
1681 859 1839 935 humana
1863 867 2042 959 sapientia

22 971 243 1044 Μούσῃ
255 968 600 1058 Demostheniefilior
612 970 857 1052 Paconianus,
883 969 1000 1059 Hypo·
1050 975 1219 1057 possunt,
1259 987 1317 1033 me
1338 963 1490 1051 iniusta,
1528 966 1676 1059 indigna
1703 967 1887 1060 republica
1910 981 1946 1040 et
1966 995 2044 1042 nou

22 1077 101 1147 riter
127 1075 285 1146 Cleandri
309 1071 406 1160 filius
426 1068 621 1162 spicatas,
653 1071 880 1145 Mnesitltides
893 1073 1000 1141 Anti·
1049 1065 1248 1138 necessaria
1265 1067 1428 1152 suasisse,
1452 1080 1488 1138 et
1502 1068 1734 1159 prudentiam
1752 1095 1793 1140 ac
1808 1070 2045 1164 diligentiam,

19 1179 128 1268 planis
137 1175 232 1264 filius
246 1175 497 1262 Phrerrrlrirre,
518 1179 738 1248 Democrates
752 1175 888 1263 Soplili
903 1171 1000 1262 filiae
1051 1193 1161 1265 quam
1178 1169 1323 1264 quidem
1341 1167 1490 1241 adhibui
1505 1195 1613 1264 supra
1631 1174 1746 1257 vires,
1771 1170 1864 1244 mihi
1879 1175 2044 1262 defuisse,

21 1282 203 1371 Pllyemia,
227 1279 462 1352 Miserrime
477 1281 625 1351 Diotimi
636 1279 734 1368 filios
751 1277 953 1352 Gmlorider.
1051 1283 1159 1366 atque
1174 1273 1225 1342 ita
1239 1287 1490 1356 meaccusato.
1543 1274 1607 1345 Sin
1625 1287 1745 1345 autem
1761 1271 1831 1346 hoc
1849 1278 1987 1350 fulmen
2008 1293 2045 1352 et

410 1422 412 1431 ,
1049 1371 1139 1446 haec
1158 1388 1350 1468 tempestas
1373 1401 1449 1448 non
1472 1378 1588 1450 solum
1614 1373 1722 1449 huius
1744 1379 1862 1465 urbis,
1886 1384 1950 1452 sed
1963 1381 2045 1452 uni·

108 1481 184 1552 Hoc
203 1482 352 1553 initium
375 1483 445 1552 fuit
467 1482 732 1555 coniunctionis
753 1507 835 1553 cum
855 1477 1000 1550 Theba-
1051 1503 1175 1550 versae
1192 1479 1365 1549 Graeciae
1387 1481 1585 1573 potentiam
1610 1493 1646 1550 et
1658 1482 1843 1552 fortunam
1859 1497 2044 1576 superant,

21 1583 83 1668 nis,
114 1599 148 1656 et
169 1586 310 1678 primus
342 1599 461 1671 actus,
495 1611 576 1656 cum
608 1585 754 1682 quidem
782 1597 888 1654 antea
915 1584 998 1654 odia
1050 1607 1128 1652 non
1146 1585 1316 1653 convenit
1337 1607 1394 1652 me
1418 1583 1595 1669 accerseri,
1621 1597 1662 1654 ut
1677 1608 1744 1654 nec
1759 1585 2038 1676 gubernatorem

22 1699 145 1757 tantum
174 1689 273 1759 inter
307 1687 467 1778 civitates
496 1685 628 1760 horum
651 1687 810 1759 artificiis
834 1688 1001 1780 deceptas
1051 1684 1172 1770 naus,
1197 1684 1262 1779 qui
1278 1687 1399 1754 omnia
1416 1687 1606 1779 profutura
1625 1689 1670 1757 ad
1685 1690 1900 1758 servandam
1919 1689 2045 1760 navim

24 1812 152 1862 accensa
168 1804 305 1876 essent,
332 1804 369 1862 et
382 1803 507 1865 mutua
522 1791 732 1863 diffidentia.
784 1789 864 1860 Hoc
878 1803 999 1861 autem
1051 1787 1153 1874 lecit,
1178 1788 1307 1859 deinde
1322 1799 1533 1880 tempestate
1548 1801 1737 1881 superatus
1756 1801 1829 1874 est,
1854 1793 1970 1884 ruptis
1989 1795 2050 1870 lus

22 1893 147 1965 decreto
167 1895 327 1966 subitum
351 1907 437 1967 tuuc
450 1893 650 1988 periculum
673 1894 774 1965 velut
788 1895 922 1964 nubem
940 1895 1000 1964 de·
1051 1890 1158 1963 nibus
1183 1904 1219 1961 et
1239 1891 1349 1963 remis
1370 1891 1502 1965 fractis.
1563 1889 1710 1963 Diceret
1731 1891 1826 1962 enim
1848 1917 1946 1965 nunc
1966 1893 2045 1989 qui·

20 1996 96 2086 puli.
143 1997 304 2094 Eratque
319 1998 405 2070 iusti
425 1999 513 2070 civis
534 2011 621 2069 tunc
642 2000 829 2069 ostendere
848 1992 1000 2090 patriae,
1053 1995 1157 2080 dem,
1183 2018 1220 2066 sc
1243 2017 1309 2065 nec
1331 1995 1609 2086 gubernatorem
1629 1994 1754 2066 fixisse:
1782 1994 1875 2068 sicut
1893 2022 1960 2068 nec
1978 2021 2044 2090 ego

22 2098 47 2168 si
60 2099 139 2194 quid
152 2101 299 2173 videbat
311 2101 453 2188 melius,
466 2125 543 2172 nou
556 2126 654 2172 nunc
668 2107 749 2172 siro
763 2114 905 2171 tantum
921 2112 999 2170 acta
1052 2097 1092 2168 in
1106 2097 1182 2168 acic
1197 2099 1270 2168 dux
1284 2097 1358 2184 fui,
1372 2121 1438 2168 nce
1456 2097 1494 2167 in
1508 2121 1589 2170 mea
1603 2109 1779 2192 potestate
1795 2099 1927 2190 proelii
1940 2124 2047 2170 even-

21 2197 280 2294 reprehcndere.
331 2203 426 2278 Nam
453 2203 677 2277 consiliarius
702 2216 738 2274 et
762 2203 1002 2275 calumniator
1053 2215 1110 2273 tus
1138 2199 1223 2282 suin
1265 2202 1328 2272 sed
1356 2197 1446 2272 haec
1474 2202 1621 2271 fortuna
1652 2202 1840 2292 gubernat.
1906 2202 2046 2276 Rursus

23 2305 182 2378 etsinnlla
199 2309 293 2378 inre
306 2309 546 2394 conveniunt,
571 2321 694 2379 nmen
714 2307 907 2400 praecipue
930 2307 1001 2377 dis-
1054 2315 1174 2377 autem
1196 2303 1286 2374 illud
1308 2316 1494 2397 reputato:
1529 2303 1568 2374 si
1588 2304 1661 2373 iata
1685 2316 1757 2372 tam
1782 2303 1872 2374 dura
1888 2305 2047 2392 luerunt,

22 2407 136 2480 similes
148 2424 253 2497 sunt,
280 2414 379 2506 quod
395 2407 455 2484 hic
471 2425 556 2482 ante
573 2425 651 2482 acta
667 2433 770 2484 suam
785 2409 999 2482 sententiam
1054 2433 1136 2480 cum
1159 2404 1354 2478 Thebanos
1378 2407 1565 2478 adiunctos
1583 2402 1817 2491 haberemus,
1842 2407 1931 2501 quid
1952 2407 2048 2479 futu-

22 2513 178 2600 ostcndit,
210 2529 246 2586 et
266 2539 346 2584 eam
367 2515 501 2586 iudicio
524 2515 748 2594 audientium
773 2526 809 2584 et
830 2515 1001 2585 fortunae
1052 2537 1135 2583 rum
1158 2512 1246 2596 suit,
1275 2509 1307 2582 si
1322 2510 1400 2581 sine
1417 2511 1523 2580 sociis
1539 2509 1607 2582 soli
1622 2507 1911 2594 dimicassemus,
1939 2522 1974 2580 et
1990 2509 2045 2580 illi
2146 2538 2159 2602 g
2214 2601 2217 2610 Ι

19 2637 52 2684 ac
74 2629 280 2710 temporum
303 2617 464 2690 articulis
483 2617 682 2712 permittit,
715 2617 776 2688 ille
800 2641 888 2688 vcro
913 2616 1003 2686 latet
1055 2614 1216 2687 adiuncti
1229 2613 1378 2685 luissent
1392 2607 1509 2698 hosti,
1535 2625 1576 2684 ut
1592 2612 2055 2684 anathematisamus·

18 2715 127 2804 initio,
167 2745 255 2792 cnm
280 2745 371 2814 opus
392 2736 445 2795 est
468 2721 631 2794 consilio.
697 2719 837 2790 Deinde
862 2717 1002 2815 siquid
1055 2732 1150 2790 ctere
1165 2743 1225 2790 cos
1242 2730 1392 2788 conatus
1413 2729 1477 2788 est.
1530 2715 1693 2811 Cumque
1708 2726 1812 2785 tanto
1829 2715 1868 2785 in
1881 2715 2043 2808 periculo

17 2823 143 2895 adversi
174 2823 330 2910 accidit,
371 2825 410 2895 id
451 2823 574 2896 odiose
606 2820 851 2918 reprehendit.
924 2820 1002 2892 Etsi
1053 2822 1163 2894 suerit
1184 2821 1308 2892 civitas
1334 2817 1686 2912 commissoproelio
1711 2817 1750 2887 in
1771 2818 1873 2903 loco,
1899 2819 1963 2914 qni
1978 2819 2048 2888 iter

17 2937 121 2996 autem
139 2941 232 2998 tunc
246 2929 439 3020 oportebat
451 2929 588 2999 bonum
604 2941 640 2998 et
656 2928 797 2998 fidelem
821 2924 936 2996 civem
958 2925 1002 2993 de
1039 2921 1168 3005 ¹tridui
1190 2926 1236 2995 ab
1251 2921 1370 2994 Attica
1394 2923 1522 3006 distat,
1550 2933 1686 3016 quanto
1710 2919 1827 2991 maius
1846 2922 2046 3014 periculum

17 3028 120 3118 patria
138 3029 337 3102 sollicitum
361 3030 455 3102 iusta
479 3035 646 3103 suadere:
675 3055 740 3123 ego
766 3040 889 3099 tamen
911 3029 1002 3097 adeo
1053 3027 1196 3112 luisset,
1221 3027 1252 3100 si
1266 3029 1306 3095 in
1321 3026 1398 3118 ipsa
1411 3022 1528 3096 Attica
1544 3037 1667 3096 noster
1686 3022 1859 3096 exercitus
1879 3024 2050 3117 profliga-

17 3133 143 3202 conbdo
164 3158 230 3204 me
251 3146 350 3204 recte
370 3134 541 3220 suasisse,
567 3147 608 3206 ut
629 3132 736 3204 sateri
749 3131 857 3202 velim
872 3156 932 3202 me
948 3131 1003 3200 in-
1054 3145 1112 3204 tus
1127 3143 1228 3202 esset.
1279 3129 1384 3202 Nunc
1397 3128 1548 3200 biduum
1565 3139 1627 3198 aut
1639 3127 1801 3198 triduum
1815 3127 1973 3220 spatium
1987 3128 2049 3198 de·

13 3232 255 3322 iustelecisse‚
277 3237 308 3308 si
324 3233 554 3310 adhucaliud
571 3238 698 3309 melius
713 3235 916 3320 consilium,
941 3243 1004 3305 aut
1056 3233 1110 3306 dit
1134 3232 1370 3316 consistendi,
1410 3229 1667 3314 conveniendi,
1700 3229 1922 3323 respirandi;
1963 3244 2049 3302 tune

13 3337 100 3411 aliud
130 3367 189 3411 om
199 3339 288 3409 nino
325 3340 467 3412 ostendi
499 3353 638 3434 potest,
675 3351 785 3436 quarn
808 3339 866 3425 id,
905 3339 1004 3434 quod
1056 3363 1142 3418 vero
1160 3361 1252 3432 quae
1270 3335 1497 3420 accidissent,
1521 3330 1691 3406 horresco
1708 3333 1838 3404 dicere.

13 3452 81 3512 tum
101 3467 120 3514 a
144 3469 210 3516 me
234 3445 462 3538 propositum
483 3458 547 3517 cst.
607 3445 647 3515 si
672 3443 753 3539 quis
775 3444 872 3512 enim
893 3442 1015 3525 videt,
1967 3427 1971 3438 ’

14 3545 93 3640 quid
113 3549 242 3641 potius
262 3551 442 3639 agendum
462 3546 592 3633 luerit,
618 3560 706 3618 tunc
727 3547 765 3614 id
788 3567 808 3614 a
833 3570 892 3616 me
916 3569 1005 3637 pro-

14 3649 94 3740 spici
110 3651 317 3744 oportuisse
341 3652 470 3722 fateor.
523 3650 587 3723 Sin
605 3662 724 3720 autem
741 3671 807 3717 nec
822 3647 892 3718 luit
905 3647 1005 3718 aliud

14 3754 213 3842 consilium,
237 3779 305 3826 nec
319 3750 428 3825 hodie
442 3752 588 3850 quidem
606 3751 704 3823 aliud
720 3749 859 3821 ostendi
875 3761 1005 3843 potest,

16 3857 95 3951 quid
110 3860 270 3931 lacerem
288 3858 327 3928 in
343 3857 547 3942 suadendo,
570 3855 644 3926 nisi
657 3866 699 3924 ut
720 3853 887 3945 eligerem
913 3851 1006 3944 opti·

12 3985 68 4030 ma
88 3987 132 4033 ex
153 3963 220 4048 iis,
248 3984 340 4057 quac
362 3961 520 4054 prospici
544 3970 733 4052 poterant,
760 3970 796 4028 et
819 3955 1019 4048 possibilia

14 4078 131 4150 erant,
156 4067 269 4161 idque
283 4064 371 4150 ieci,
398 4090 478 4136 cnm
492 4059 728 4157 praeconium
743 4060 877 4130 lactum
902 4071 1005 4131 esset.

11 4167 148 4240 Scilicet
170 4169 254 4266 quis
284 4169 362 4240 vult
392 4167 581 4240 consilium
604 4167 691 4235 dare
711 4161 874 4256 patriae?
920 4161 1006 4234 Non

11 4284 125 4342 autem
143 4273 228 4368 quis
244 4271 323 4342 vult
335 4271 529 4364 praeterita
545 4291 725 4352 accusare,
740 4278 803 4337 aut
815 4268 859 4335 de
875 4277 1006 4336 eventu

10 4375 211 4465 spondere?
237 4374 306 4445 llic
321 4397 403 4446 cum
417 4374 511 4445 tuin
525 4372 700 4442 concione
716 4372 856 4440 sederes
873 4381 1007 4451 mutus,

10 4479 52 4548 ad
69 4481 267 4552 dicendum
288 4476 421 4571 prodii.
475 4475 566 4546 Cum
588 4486 708 4549 autem
735 4485 822 4574 tune
840 4471 1007 4556 tacueris,
1058 4447 1103 4516 pe
1869 4549 1874 4571 Ι

10 4582 64 4653 vel
79 4584 156 4654 iam
178 4583 345 4666 ostende,
372 4578 460 4676 quid
480 4580 658 4672 agendum
679 4575 808 4660 fuerit,
833 4575 891 4644 vel
914 4598 1007 4670 quae
1162 4569 1236 4672 Cur
1251 4569 1362 4662 igitur
1373 4582 1414 4639 tu
1427 4571 1485 4638 mc
1501 4561 1759 4655 etnonpotius
1773 4574 1884 4653 egotc
1899 4564 2051 4639 accuso?
2099 4577 2101 4584 ’

10 4705 108 4758 ame
128 4687 294 4778 neglecta
316 4685 364 4756 sit
384 4684 543 4770 occasio,
575 4681 748 4773 societas,
772 4677 887 4760 actio,
914 4701 1007 4772 quae
1060 4701 1142 4746 cum
1167 4698 1232 4766 ego
1251 4667 1382 4744 fuerim
1415 4695 1458 4740 eo
1486 4682 1649 4762 tempore
1679 4665 1809 4736 melior
1835 4664 1922 4738 civis
1941 4693 2053 4764 quarn

10 4789 129 4880 potius
153 4789 380 4883 suscipienda
407 4787 554 4860 fixerint.
620 4784 695 4858 Nec
725 4807 812 4853 vero
841 4780 914 4851 nlla
942 4803 1007 4850 un·
1061 4791 1118 4859 tu;
1142 4801 1218 4847 non
1234 4775 1328 4846 enim
1344 4777 1388 4846 de
1404 4773 1482 4844 aliis
1497 4773 1643 4866 loquor,
1655 4793 1732 4840 non
1748 4769 1868 4861 defugi
1879 4771 2053 4864 pericula,

11 4918 121 4987 quarn
145 4897 194 4964 de
216 4891 419 4986 praeteritis
439 4887 650 4962 deliberatio
674 4899 744 4971 est,
770 4887 833 4957 sed
854 4885 898 4953 de
914 4884 1009 4953 lutu-
1060 4905 1136 4951 non
1161 4878 1436 4974 praeteritarum
1461 4875 1703 4946 offensionum
1727 4871 1906 4943 rationem
1928 4870 2057 4965 habu}

1160 3493 1263 3587 Quae
1279 3491 1424 3587 quidem
1441 3515 1487 3560 nc
1504 3490 1724 3571 acciderent,
1749 3486 1819 3557 Dei
1833 3487 2051 3557 benevolen-

1056 3599 1105 3668 tia
1120 3598 1224 3681 fecit,
1250 3606 1286 3664 et
1306 3591 1397 3686 haec
1420 3592 1570 3663 societas
1585 3586 1760 3660 Thebana
1783 3589 1921 3658 obiecta
1940 3581 2050 3675 hbsti,

1058 3701 1156 3796 quod
1171 3709 1210 3767 tu
1226 3695 1445 3766 calumniose
1466 3717 1620 3763 accusas.
1674 3690 1779 3759 Talia
1798 3685 1915 3761 multa
1932 3691 2050 3763 dicere

1056 3825 1202 3896 possum
1225 3799 1270 3867 ad
1293 3794 1360 3868 hos
1381 3796 1533 3879 indices,
1560 3807 1596 3864 et
1620 3795 1667 3863 ad
1690 3793 1889 3887 populum,
1916 3793 1980 3891 qui
2004 3795 2052 3866 ad
2081 3885 2085 3894 .

1056 3902 1127 3975 hoc
1141 3899 1313 3975 indicium
1335 3902 1504 3995 frequens
1528 3897 1685 3969 accessit.
1736 3897 1786 3966 At
1807 3909 1933 3968 contra
1946 3891 2052 3969 'hune

1058 4008 1296 4080 execrandum
1319 4003 1439 4074 brevis
1463 4015 1499 4072 et
1527 4001 1716 4096 perspicua
1744 3995 1834 4070 baec
1861 4001 2051 4092 responsio

1057 4111 1196 4185 sufficit.
1248 4109 1287 4182 Si
1302 4107 1388 4194 tibi,
1412 4105 1464 4176 mi
1476 4101 1671 4188 Aeschine,
1697 4105 1818 4173 futura
1835 4115 1921 4173 nota
1935 4115 2051 4190 erant,

1058 4225 1156 4300 tunc,
1180 4206 1260 4284 cum
1278 4212 1494 4282 deliberaret
1508 4207 1644 4290 civitas,
1668 4205 1877 4298 praedicere
1891 4217 1925 4275 te
1943 4229 2053 4298 opor-

1058 4317 1144 4399 tuit;
1178 4317 1377 4388 sinautem
1402 4324 1488 4382 nota
1511 4334 1587 4378 non
1613 4319 1736 4392 erant,
1765 4319 1828 4378 tua
1844 4307 2050 4400 ignorantia
2120 4335 2123 4338 ·

1106 4419 1208 4491 rinde
1225 4432 1267 4490 ut
1280 4419 1434 4487 aliorum
1452 4411 1611 4484 accusari
1624 4422 1754 4503 potest.

11 4998 60 5068 ris
83 5010 151 5069 ant
172 4997 433 5089 praesentibus.
485 4993 591 5066 Tune
613 5003 732 5062 autem
759 5011 890 5080 magna
914 4986 1009 5078 peri·
1061 5009 1134 5080 quo
1150 4983 1269 5052 minus
1283 4981 1497 5073 susciperem
1515 4979 1657 5050 labores
1673 5001 1740 5070 pro
1756 4975 1952 5069 republica.
1992 4976 2054 5048 Tu

11 5101 88 5171 cula
112 5101 253 5194 partim
284 5097 560 5191 impendebant,
599 5093 734 5186 partim
763 5091 837 5160 iam
862 5090 902 5158 in
925 5112 1010 5158 con·
1061 5087 1157 5158 enim
1172 5111 1237 5157 nec
1252 5084 1349 5154 aliud
1366 5082 1527 5166 suasisti,
1544 5079 1621 5152 'nec
1636 5077 1678 5152 hi
1692 5079 1804 5154 secuti
1827 5091 1961 5162 essent,
1985 5100 2054 5150 nec

10 5217 138 5296 spectu
153 5217 279 5288 crant,
303 5199 488 5296 inquibus
503 5223 595 5295 quae
610 5219 690 5267 mea
706 5193 1010 5278 lueritnoluntas,
1061 5193 1132 5263 nlla
1160 5190 1197 5259 in
1217 5215 1256 5260 re
1282 5187 1363 5259 usui
1383 5184 1483 5256 luisti
1513 5185 1673 5279 patriae,
1714 5184 1777 5254 sed
1799 5183 1896 5276 quod
1919 5181 2055 5252 faceret

12 5331 103 5401 quac
141 5308 313 5392 consilia,
347 5301 545 5376 considera.
606 5300 691 5374 Non
717 5299 762 5368 ab
789 5293 921 5367 cientn
953 5319 1011 5367 ca·
1061 5294 1235 5388 pessimus
1253 5290 1381 5386 aliquis
1399 5301 1435 5360 et
1448 5284 1556 5361 huius
1572 5287 1673 5358 urbis
1686 5283 1874 5369 iuimicus,
1897 5283 1995 5354 idem
2015 5297 2052 5355 te

11 5403 462 5484 lumniandi‘occasionem
477 5427 609 5479 sumas.
659 5402 819 5474 Eventus
835 5400 932 5472 enim
947 5425 1011 5492 gu·
1062 5399 1179 5470 lacere
1203 5407 1362 5481 constat,
1389 5417 1470 5467 cum
1489 5391 1684 5485 exprobras
1700 5411 1872 5460 evanum.
1923 5385 1970 5462 Et
1987 5387 2055 5462 sic-
