4548 5788
213 165 291 243 aas
789 157 914 240 anu.
945 159 1060 236 saar.
1092 131 1298 236 sonnis
1328 91 1723 243 annumeres
1783 219 1788 226 .
2150 169 2204 246 us

213 335 484 432 improbitatem
513 337 698 408 detrusum
731 335 798 422 iri,
832 359 896 408 our
919 361 985 414 vos
1003 345 1215 428 peccantem
1263 346 1488 409 numerasset
1501 333 1791 434 pensionem).
1813 334 1852 407 in
1874 331 2065 429 inquilinos
2080 340 2212 412 constitu·

214 464 293 512 non
312 440 423 510 modo
448 463 524 510 non
545 438 724 532 prurietis,
763 439 826 510 sed
853 441 962 510 etiam
988 433 1128 508 honore
1150 461 1214 508 au·
1265 447 1360 522 tam,
1385 437 1531 508 vendita
1547 439 1697 510 essetab
1712 462 1778 523 eo,
1811 463 1919 533 quem
1944 437 2018 530 ipsa
2041 457 2214 514 servanus
2257 491 2258 512 .

216 555 313 634 ctum
337 543 548 628 absolvetis,
573 543 671 614 velot
694 543 877 635 praeclare
901 541 1071 613 meritum
1093 543 1137 611 de
1159 563 1215 610 re·
1266 539 1376 632 Quod
1397 535 1487 612 haec
1508 564 1593 612 vcra
1621 540 1714 625 sint,
1752 565 1893 614 accerse
1923 536 2012 616 mihi
2036 535 2139 626 hunc,
2172 545 2216 636 qui

217 643 386 738 publica?
439 643 507 720 Cui
521 645 619 716 enim
634 646 775 716 aerario
793 669 957 742 unquam
975 647 1015 716 in
1034 641 1103 714 hac
1126 644 1215 716 urbe
1268 641 1504 739 acuonem⁷·)
1535 645 1725 720 adversum
1758 657 1899 736 patrem
1929 643 2116 716 institutam
2135 647 2219 718 voluit

217 747 319 820 licuit
340 747 569 840 magistratus
592 771 737 841 capere,
770 762 834 821 aut
856 747 957 820 obire
978 747 1049 820 alia
1073 745 1217 840 publica
1269 769 1483 837 cognoscere
1497 746 1565 844 ⁷¹),
1599 759 1636 818 et
1656 747 1835 821 arbitrum
1859 746 1952 831 litis,
1984 763 2088 842 qtram
2107 772 2164 838 pro
2179 773 2219 820 so·

218 874 392 934 munera,
417 851 489 924 nisi
502 864 584 922 ante
602 854 784 943 persoluta
798 852 971 945 pecunia,
1004 875 1114 944 quarn
1132 847 1219 919 civi·
1269 872 1353 918 rore
1369 849 1576 921 intenderat
1591 849 1650 920 isti
1664 852 1790 936 frater,
1813 863 1852 922 et
1865 863 1973 943 caput
1986 850 2126 922 actionis
2138 852 2220 924 scier.

219 952 284 1024 tati
301 953 449 1026 debuit?
501 954 682 1039 Proinde,
709 955 745 1026 id
770 979 888 1050 neque
913 950 998 1026 huic
1023 952 1219 1036 concedite,
1269 951 1439 1025 Accersas
1454 965 1490 1022 et
1506 953 1736 1026 mulierculae
1753 965 1910 1028 tutorem
1928 965 1965 1024 et
1976 963 2172 1044 patronum,
2190 955 2220 1022 ad
2257 955 2258 1024 3

219 1057 283 1126 sed
312 1056 369 1130 vel
399 1057 553 1150 exempli
576 1082 679 1130 causa
703 1059 918 1151 supplicium
942 1058 985 1128 de
1009 1079 1052 1126 eo
1077 1054 1220 1128 sumite.
1271 1079 1363 1150 quos
1381 1055 1516 1128 indices
1538 1056 1729 1130 adduxerit
1750 1081 1843 1135 earn.
1896 1051 2221 1130 Anteavebemene

220 1153 355 1230 Verum
374 1160 460 1230 utile
476 1173 528 1237 est
543 1161 667 1234 audire
683 1175 719 1232 et
734 1161 804 1231 alia
822 1161 898 1234 eius
920 1158 1095 1235 immania
1120 1157 1220 1249 flagi-
1271 1153 1617 1244 smnacbabsmini,
1650 1183 1732 1233 cum
1764 1159 1936 1236 audiretis
1967 1153 2064 1230 bone
2084 1181 2222 1230 amaseae

220 1259 341 1358 tiam).
379 1261 471 1334 Nam
490 1287 583 1358 quae
600 1261 1104 1356 commemoravitLycurgus,
1129 1274 1221 1333 tam-
1272 1285 1345 1346 eos,
1361 1260 2223 1358 quicontulerantpecuniemsorvandiduamur,

222 1364 289 1436 etsi
312 1365 384 1435 sint
408 1359 611 1452 horrenda,
637 1379 758 1436 tamen
781 1377 918 1438 restant
940 1365 1010 1436 alia
1025 1363 1221 1436 atrociora.
1272 1387 1368 1437 nnnc
1394 1385 1471 1441 nun
1505 1365 1684 1439 videbitur
1707 1367 1823 1438 mrdto
1843 1365 2026 1458 indignius
2046 1365 2094 1436 sic
2117 1377 2222 1434 vexato

219 1461 412 1540 Invenietis
430 1469 552 1565 itaque
567 1470 705 1565 reliqua
723 1469 791 1541 illis
808 1494 884 1543 non
904 1454 1110 1552 dissimilia,
1144 1466 1221 1558 pla·
1272 1489 1347 1540 esse
1369 1479 1557 1558 parentes,
1589 1491 1774 1554 sororem,
1806 1469 2036 1544 smvsuiceru
2056 1463 2222 1540 mediorenl

222 1595 339 1668 neque
357 1571 543 1648 abeodem
559 1573 704 1665 ingenio
723 1574 895 1664 profecta.
947 1571 1040 1644 Nam
1061 1581 1222 1661 praeter·
1272 1570 1562 1642 Oereorandum
1577 1585 1800 1656 monstrum,
1825 1585 1896 1644 eta
1923 1571 2165 1644 consuetudine
2181 1566 2225 1638 bo

223 1697 332 1770 quarn
355 1677 454 1769 quod
476 1675 621 1768 prodito
644 1677 747 1768 patre
761 1674 810 1774 ⁶¹)
840 1701 883 1750 ex
903 1673 1046 1748 Eretria
1071 1671 1221 1764 aufugit,
1273 1673 1413 1748 minum
1434 1674 1562 1765 procul
1581 1675 1865 1767 deportandum!
1918 1675 2023 1768 Quae
2045 1698 2150 1766 pena
2167 1672 2225 1743 sais

222 1789 346 1870 postea
363 1777 471 1848 etiarn
485 1779 586 1850 illum
605 1794 790 1852 mortuum
807 1803 884 1850 non
899 1777 1061 1869 sepeliit,
1095 1787 1223 1850 etnou
1273 1777 1380 1870 digna
1394 1801 1463 1868 pro
1481 1775 1592 1852 tantis
1613 1777 1757 1869 flagitiis
1780 1775 1977 1868 eunomiani
1996 1775 2132 1870 potest?
2159 1797 2226 1844 rous

222 1881 333 1950 modo
357 1893 519 1973 sumptus
541 1882 677 1955 funeris
701 1879 779 1968 his,
807 1882 870 1977 qui
883 1881 1118 1973 sepelierant,
1143 1901 1222 1949 non
1272 1904 1351 1953 non
1366 1879 1453 1952 satis
1467 1879 1634 1974 supplicii
1657 1880 1777 1956 fuerit.
1833 1880 2014 1954 Adliciam
2035 1905 2139 1952 mom
2156 1901 2226 1972 pne

222 1981 399 2068 reddidit,
424 1985 485 2056 sed
506 2009 568 2057 eos
590 1985 699 2056 etiam
721 1985 760 2058 in
784 1984 839 2058 ius
864 1983 1025 2068 vocarit3
1059 1995 1095 2058 ct
1117 2004 1222 2078 prae·
1273 1996 1370 2056 terea
1389 1984 1522 2055 factum
1545 1983 1654 2076 plane
1674 1983 1887 2076 proprium,
1924 2009 1968 2056 ac
1989 1984 2226 2076 grummo

222 2096 389 2184 terquam
421 2088 520 2182 quod
549 2111 626 2158 non
649 2087 822 2161 abstinuit
841 2111 971 2160 manus
993 2112 1012 2158 a
1036 2096 1152 2158 matre
1160 2081 1224 2180 ⁶⁴),
1273 2099 1376 2160 turae
1392 2081 1520 2172 huius,
1546 2099 1686 2165 caetera
1703 2087 2004 2178 praetermittun.

222 2199 263 2260 ut
281 2187 390 2283 paulo
413 2202 495 2260 ante
517 2190 686 2276 audistis,
719 2215 882 2264 sororem
905 2189 1015 2260 etiam
1035 2213 1138 2260 suam
1164 2211 1223 2258 er.
1374 2188 1591 2284 Priusquam
1614 2191 1782 2264 evadsset
1804 2213 1824 2262 e
1845 2189 2066 2286 carcin⁷²),
2105 2213 2171 2260 cnm
2191 2213 2229 2258 co

223 2303 406 2391 portatam
437 2293 617 2380 vendidit,
663 2308 705 2367 ut
734 2294 772 2364 in
802 2292 1027 2369 accusatione
1059 2293 1224 2382 adparet,
1275 2292 1357 2362 dem
1382 2291 1644 2388 aliusquidam
1668 2292 1984 2379 santuanensi,
2018 2293 2084 2387 qui
2101 2295 2178 2362 forte
2195 2315 2229 2362 se

224 2419 333 2490 quam
354 2395 419 2466 iste
442 2397 558 2468 bonus
581 2398 693 2468 frater
715 2396 920 2470 instituerat
942 2421 1010 2488 pro
1031 2391 1224 2490 sororem),
1275 2419 1356 2468 curn
1371 2391 1615 2488 syngrapham
1632 2393 1702 2469 sibi
1724 2397 2056 2492 oppigneratsmv)
2079 2421 2119 2467 eo
2137 2394 2229 2464 intele-

223 2498 287 2593 qui
307 2498 380 2568 iam
399 2493 496 2572 huuc
516 2501 728 2574 sceleratum
745 2501 917 2573 defendit.
967 2499 1119 2570 Praeter
1133 2492 1225 2568 haec
1274 2510 1351 2584 rat,
1377 2493 1473 2572 huuc
1489 2500 1567 2570 adit
1580 2499 1665 2584 iste,
1691 2512 1865 2594 unquam
1888 2499 2044 2596 aliud⁷⁸)
2064 2521 2160 2591 agens
2176 2519 2228 2568 sur·

223 2613 324 2671 tanta
357 2601 489 2673 scelera
515 2604 632 2676 maius
656 2603 755 2676 aliud
789 2616 825 2676 et
856 2599 1067 2674 horribilius
1100 2599 1224 2673 audie·
1274 2599 1362 2694 ripit
1377 2601 1529 2682 tabulas.
1580 2599 1635 2674 lbi
1649 2627 1730 2674 cum
1748 2617 1959 2697 quereretur
1975 2604 2085 2686 alter,
2108 2599 2229 2672 sibisur·

223 2701 337 2799 tis‘f).
397 2703 491 2779 Nam
515 2729 596 2776 curn
618 2707 765 2778 effracto
790 2729 932 2780 carcere
957 2706 1097 2801 elapsus
1120 2714 1225 2788 esset,
1273 2715 1395 2796 reptas
1409 2729 1484 2779 esse
1498 2706 1701 2780 tabulasab
1720 2705 1810 2792 ists,
1841 2730 1886 2780 eo
1907 2705 2089 2781 amentiae
2105 2701 2229 2797 prorupit

223 2805 384 2900 profugit
406 2810 451 2878 ad
475 2811 658 2904 quandam
680 2811 928 2882 mulierculam
943 2808 1013 2907 ⁰⁷),
1046 2832 1128 2878 cum
1150 2829 1222 2900 qua
1274 2807 1361 2894 iste,
1385 2803 1535 2880 utnihil
1548 2809 1848 2882 dubitaretillurn
1864 2811 2070 2882 verberare.
2105 2808 2229 2878 ssim

225 2911 521 2984 consuetudinem
546 2927 651 2986 antea
673 2907 871 2998 habuerat,
910 2915 1007 3006 apud
1033 2905 1127 2980 hanc
1148 2907 1224 3002 pri-
1275 2910 1334 2982 ille
1367 2934 1491 2986 recens
1523 2925 1669 3004 captus,
1694 2913 1809 2987 -eoius
1834 2909 1953 2986 adhuc
1987 2913 2083 2983 vires
2112 2913 2230 3001 integrae

224 3015 293 3088 mis
313 3014 453 3112 aliquot
476 3015 600 3090 diebus
620 3017 747 3103 latuit,
784 3017 915 3112 quibus
946 3041 1028 3087 eum
1058 3037 1224 3086 censores
1275 3026 1399 3100 erant,
1425 3012 1522 3088 bunc
1538 3015 1681 3086 aridum
1702 3029 1907 3108 superaret,
1938 3014 2158 3088 memorabili
2174 3009 2231 3082 iau'·

224 3120 459 3214 quaerebant.
510 3117 644 3216 Estque
663 3121 709 3192 ab
730 3144 771 3190 ea
794 3120 933 3213 fugiens
958 3117 1089 3190 viatico
1111 3119 1225 3188 dona·
1274 3141 1365 3188 nore
1379 3118 1445 3190 iste
1460 3118 1659 3211 periculum
1683 3119 1867 3204 discussit,
1897 3143 2027 3190 nasum
2052 3120 2140 3190 enim
2160 3111 2229 3186 atei

226 3233 283 3296 tus
304 3217 486 3294 drachmis
511 3235 613 3308 octo,
647 3235 682 3292 et
705 3223 849 3308 tunica,
884 3237 920 3294 et
940 3222 1064 3315 pallio.
1122 3221 1225 3290 Hanc
1275 3222 1511 3314 praemordit.
1563 3221 1621 3295 sic
1642 3222 1703 3311 ille
1720 3235 1862 3315 accepta
1888 3222 1951 3294 tali
1971 3223 2097 3314 plaga,
2126 3217 2230 3290 caiani

226 3325 419 3408 miseram,
457 3348 476 3392 a
510 3348 582 3419 qua
612 3338 754 3396 tanturn
784 3325 997 3396 beneficium
1026 3334 1225 3415 acceperat,
1276 3336 1348 3396 tate
1371 3326 1505 3397 fractus
1526 3324 1663 3398 destitit
1685 3326 1826 3398 tabulas
1854 3349 2046 3419 reposcere
2076 3338 2134 3396 aut
2156 3343 2229 3416 qunt-

226 3440 419 3522 postquam
445 3429 542 3518 apud
570 3452 635 3499 vos
668 3450 792 3500 rursus
820 3427 859 3498 in
892 3427 1006 3520 gratia
1039 3439 1075 3496 et
1103 3425 1223 3520 aliqua
1276 3450 1379 3511 rere,
1401 3451 1468 3498 nec
1482 3427 1597 3498 multo
1613 3429 1901 3519 postinveninnt
1916 3454 1976 3500 eas
1991 3431 2031 3500 in
2047 3452 2140 3512 arcu,
2162 3423 2230 3494 cunt

223 3531 401 3632 dignitate
416 3555 490 3602 esse
509 3529 699 3629 coepitoe),
727 3555 807 3602 curn
823 3555 890 3602 suo
910 3529 1111 3602 necessario
1136 3541 1226 3598 tem·
1277 3530 1386 3600 clavis
1401 3554 1510 3622 penes
1526 3530 1633 3602 istum
1653 3543 1741 3602 erat.
1799 3533 1903 3604 Hanc
1929 3531 1976 3602 ob
2000 3555 2136 3604 causam
2159 3528 2229 3598 iuti

225 3659 315 3728 pore
330 3632 507 3728 flagitaret
522 3634 590 3707 sibi
611 3632 713 3706 reddi
734 3633 908 3728 gratiam,
936 3631 1158 3718 verberavit,
1190 3643 1227 3702 et
1277 3634 1386 3718 domo
1402 3635 1538 3705 facturn
1553 3635 1749 3721 decretum,
1774 3659 1820 3708 ne
1838 3635 1919 3732 quis
1932 3635 2066 3726 ignem,
2088 3630 2230 3726 lychnus

226 3739 340 3811 multa
359 3739 517 3808 minatus
542 3741 652 3810 domo
676 3739 823 3831 expulit.
874 3737 945 3810 sed
969 3762 1050 3809 curn
1073 3736 1134 3806 illa
1159 3734 1226 3804 im·
1276 3749 1425 3829 potum,
1452 3736 1591 3822 cibum,
1618 3749 1681 3808 ant
1693 3738 1887 3833 quicquam
1904 3763 1985 3811 cum
2001 3738 2069 3811 isto
2085 3751 2230 3808 comment

180 3867 182 3880 ¹
226 3841 408 3934 patienter
429 3842 541 3912 ferret
563 3836 658 3912 hanc
680 3841 960 3925 contumeliam,
992 3854 1034 3915 ut
1050 3851 1136 3911 sunt
1159 3838 1227 3908 im·
1277 3837 1445 3926 haberet,
1466 3865 1532 3910 nec
1548 3841 1594 3912 ab
1610 3862 1653 3914 eo
1669 3855 1827 3933 rogaret,
1852 3865 1920 3912 nec
1934 3841 1967 3912 ei
1982 3843 2146 3912 utendum
2160 3855 2230 3929 prat·

227 3943 354 4014 bacilla
370 3944 563 4015 mulierum
581 3945 746 4037 ingenia,
772 3957 809 4014 et
823 3969 864 4016 ea
888 3946 933 4015 de
955 3969 994 4014 rc
1016 3955 1228 4038 quereretur
1285 3999 1490 4016 ............

229 4051 326 4143 apud
350 4060 475 4132 notos,
514 4046 637 4118 iniecit
668 4047 733 4120 iste
757 4072 822 4141 per
846 4047 920 4118 vim
947 4047 980 4115 ei
1002 4071 1151 4130 manus,
1192 4058 1228 4114 et
1312 4077 1362 4144 ῃ)
1380 4077 1451 4128 m,
1474 4078 1554 4142 soei,
1583 4089 1637 4140 qm
1654 4077 1795 4130 „mm
1817 4079 1961 4145 ,mm
1981 4067 2227 4128 ,mmmm

229 4147 405 4246 pertraxit
428 4153 473 4220 ad
497 4149 708 4222 libertorum
733 4152 874 4234 forum,
912 4149 977 4220 ubi
1005 4149 1076 4222 nisi
1105 4149 1225 4220 statim
1349 4147 1527 4230 esuriatur,
1546 4147 1773 4216 issssdlll·¹³²⁷·s
1794 4147 1869 4199 ¹⁵⁴⁷·
1888 4147 2034 4209 weriot*
2050 4150 2092 4197 est
2108 4148 2227 4224 neuwen·

1350 4229 1423 4281 guar
1441 4218 1598 4284 μετοίκιον,
1623 4217 1738 4281 pensio,
1762 4209 1964 4281 mter
1982 4216 2104 4278 patronis
2119 4225 2135 4262 a
2150 4211 2226 4261 circuti·

235 4309 441 4324 -—----
1350 4288 1419 4351 ons,
1452 4286 1487 4336 ee
1505 4295 1560 4348 qur
1577 4287 1622 4336 ese
1638 4286 1666 4334 ru
1685 4287 1746 4336 rene
1762 4286 1846 4336 evin.
1860 4272 1968 4346 'acone
1990 4285 2073 4336 reue
2093 4284 2158 4347 regg.
2172 4275 2227 4328 atis

261 4387 311 4456 sa)
329 4390 364 4442 n.
381 4389 402 4442 t.
420 4389 450 4454 m
466 4389 552 4441 aeret.
572 4389 667 4455 rasa,
693 4390 803 4442 taos-
815 4388 891 4443 saer.
914 4391 982 4442 note
998 4388 1130 4454 noun..
1160 4387 1228 4440 aa.
1347 4355 1367 4408 ¹·
1379 4355 1413 4404 u.
1430 4355 1474 4407 ttt.
1487 4355 1522 4406 V·
1548 4351 1574 4422 f·
1589 4355 1696 4416 Μ)
2159 4451 2164 4463 Ι
2193 4447 2198 4459 .

300 4457 450 4522 ⁸t⁰gi⁸⁰¹²l⁵
468 4459 587 4511 ΜΨ*
1314 4459 1363 4520 70)
1381 4457 1533 4520 sotionem]
1561 4459 1612 4509 trac
1640 4468 1711 4508 voce
1740 4457 1904 4522 exprimitur
1934 4456 2018 4512 lectio
2040 4459 2102 4508 ente
2122 4451 2228 4506 fiesties

221 4625 225 4638 ,
263 4561 478 4693 sqqqq...
497 4561 525 4613 ¹¹²
542 4560 628 4615 aar...
649 4561 742 4629 ’Μ’
767 4561 959 4614 ¹³⁶⁴·‘¹⁶⁸'·
985 4561 1014 4612 ¹¹¹
1039 4559 1165 4627 ’ΜΨ
1185 4565 1230 4614 ‘⁸‘
1348 4521 1786 4661 iittitttli’tttiii
1800 4521 2226 4662 titi‘ttit‘i‘ttitti:

1349 4679 1412 4718 nen
1431 4667 1473 4718 ed.
1492 4667 1635 4718 subactor.
1661 4667 1734 4717 ion.
1748 4665 1796 4720 iv.
1816 4681 1843 4729 p.
1859 4665 1922 4718 abt.

264 4732 315 4793 ⁶⁴³
332 4733 402 4784 “⁶¹¹¹
418 4734 487 4784 ”⁸⁰⁰
504 4746 560 4785 '⁰¹
576 4732 677 4786 *blm
694 4733 815 4798 “lm“
832 4735 886 4787 ⁶³*
1302 4741 1365 4829 'aaa
1385 4767 1474 4818 votuit
1492 4769 1682 4832 cognoscere]
1699 4767 1742 4818 ue
1758 4766 1843 4822 aeret
1862 4767 1950 4829 assa..
1969 4767 2060 4830 essm
2077 4763 2151 4814 aare
2166 4752 2224 4812 tat.

264 4835 316 4896 ti)
336 4837 414 4887 ilaec
436 4848 543 4902 qnoque
565 4849 621 4890 vox
645 4836 674 4888 ia
698 4835 798 4888 iisdem
815 4837 833 4887 ⁴
850 4833 936 4889 setta
954 4833 982 4887 in
1001 4811 1128 4904 margine
1146 4849 1229 4904 repe-
1352 4836 1550 4888 istit-158⁷.-
1559 4837 1647 4886 votuit
1658 4847 1830 4902 agnoscere5
1848 4837 1898 4886 tid.
1910 4837 1983 4887 titt.
2003 4836 2086 4886 notuit
2101 4832 2222 4906 agnoscere
2257 4883 2258 4888 ἵ

299 4906 352 4957 tita
371 4909 423 4960 est.
1348 4905 1544 4957 Demosthenis
1560 4907 1646 4958 verbs
1666 4910 1746 4958 sunt:
1776 4899 1827 4956 orla
1844 4897 2018 4974 ἀπειληφότα
2036 4910 2119 4966 (eon,
2140 4909 2176 4962 qut
2187 4897 2222 4942 ΙΝ

264 5009 316 5070 tt)
335 5010 369 5062 Η.
387 5011 408 5063 1.
425 5011 455 5062 ro
470 5011 557 5064 rorte.
578 5009 665 5077 issa,
683 5009 762 5064 rasa.
780 5012 847 5062 nou
863 5007 999 5078 aarum
1025 5009 1229 5062 auratasne..-
1350 4975 1482 5037 seosm).
1528 5069 1532 5078 .
2116 5069 2121 5081 ι
2207 5055 2211 5068 Ι

299 5080 345 5131 las
362 5080 469 5146 aliquot
487 5081 650 5131 delictorum
666 5079 876 5144 Aristogitonis.
1313 5077 1362 5140 72)
1383 5079 1415 5130 ii.
1434 5079 1453 5127 i.
1472 5077 1500 5127 in
1517 5075 1608 5127 Edttt'
1623 5075 1716 5140 Μ,
1744 5075 1935 5128 taes-1537,
1961 5079 2026 5128 nom
2042 5079 2160 5134 mugra:
2177 5063 2220 5111 Aa·

251 5152 316 5244 ¹87)
335 5181 552 5235 ra.1.1n1rattt.
574 5179 659 5246 iasa,
679 5179 873 5231 taes-tter.
891 5181 958 5232 nota
975 5177 1110 5248 margin:
1128 5183 1229 5234 Mulier
1353 5145 1505 5212 ’‘hilm‘'
1523 5146 1616 5197 '⁰⁰¹⁰‘
1633 5143 1717 5195 ΠΜ·

299 5252 451 5305 servatrix.
1315 5251 1365 5311 ⁷³)
1385 5249 1608 5315 oppigneratam]
1628 5247 1712 5297 notit.
1733 5245 1924 5300 iasa-test.
1944 5245 2141 5311 oppignorati!-

263 5353 499 5476 oelsil⁰⁹⁵iiei⁰
511 5352 597 5474 seqq.
612 5353 701 5424 assa,
720 5353 808 5419 rasa,
827 5353 921 5420 toro.;
937 5353 1228 5425 noceremus,
1315 5353 1474 5476 ⁷⁴),⁸{'1¹,3‘,],
1489 5354 1533 5406 ste
1550 5353 1636 5406 nus.
1655 5351 1866 5417 assa-asse„
1887 5349 2087 5411 assa-reem
2112 5340 2151 5394 rt.
2167 5325 2217 5384 ΙΝ

372 5455 396 5480 ··
484 5435 557 5488 ΜΡ
1352 5437 1368 5476 e
1438 5438 1483 5480 u.
