4548 5788
235 167 312 246 ως
810 159 938 246 run.
974 157 1092 232 ura.
1124 155 1694 234 scutrrsrruuotooros
2166 169 2214 244 uo

231 337 359 436 Itaque
381 336 413 410 si
435 361 495 414 me
512 335 683 422 audietis,
708 349 744 407 et
757 335 916 408 studium
932 330 1100 406 adieretis
1116 332 1233 406 consi-
1284 335 1416 404 niensis
1437 334 1551 404 disits
1579 333 1748 418 (leonius
1762 291 1965 423 l’bilippsm
1977 335 2173 410 Mna
2186 367 2224 411 η.

159 465 162 472 ·
233 441 408 526 derandi,
446 464 523 512 non
546 438 806 522 contendendi,
839 460 946 528 spero
971 437 1154 520 futurum,
1193 448 1234 507 ut
1282 459 1359 526 qem
1372 436 1542 524 superiori
1559 445 1706 524 tempore
1724 437 1933 508 mutuum
1950 441 2044 527 posis
2063 465 2129 510 cum
2142 447 2225 532 Μὰ

115 571 119 586 ’
236 557 273 632 et
293 569 358 616 vos
381 543 583 616 orationem
606 567 725 614 meam
749 540 930 636 probetis,
955 549 993 610 et
1013 551 1055 609 ut
1069 537 1231 632 periculo
1284 539 1486 610 Atheniensi
1510 536 1626 627 sautu
1654 539 1797 610 uiolssse
1824 550 1975 626 mustei,
2004 544 2138 634 despecto
2159 549 2226 616 isrs·

234 649 444 720 liberemur.
1284 651 1410 726 mento,
1437 651 1471 712 et
1495 643 1585 731 spot
1608 664 1721 711 omnm
1740 646 1888 716 (ἔναιον
1906 648 2031 716 muers
2043 649 2126 731 tue,
2147 657 2226 718 uer·

337 749 393 822 Sit
418 771 502 840 ergo
525 742 615 818 haec
635 745 753 838 primo
777 741 1006 831 adhortatio,
1039 758 1081 816 ut
1100 768 1143 815 ex
1164 737 1233 814 hac
1283 747 1339 816 des
1354 747 1555 832 intercipere
1569 744 1974 832 nttttauaeasrtnsnres
1991 753 2228 842 Μουκίας

234 851 418 948 praesenti
432 849 723 937 consternatione
744 845 936 921 retrahatis
955 849 1109 918 animos.
1160 844 1232 916 De-
1283 871 1369 944 quse
1399 848 1660 918 Atheniensium
1683 846 1827 938 suerunt
1839 901 1852 934 ,
1895 863 2105 941 espuqnstss
2132 856 2227 941 sepire,

179 1023 184 1038 ,
234 954 340 1041 inde,
366 966 407 1027 ut
419 950 489 1024 hoc
505 952 636 1024 timore
651 965 790 1025 mutato
807 952 988 1047 incipiatis
1001 975 1071 1045 pro
1089 945 1232 1022 'l'heba-
1283 952 1380 1022 nullu
1396 975 1419 1020 o
1429 951 1551 1040 populu
1568 951 1770 1022 Atheniensi
1791 954 1984 1024 meritum
2003 959 2145 1039 iniuria,
2168 959 2229 1025 rtis

234 1057 293 1130 uis
309 1070 488 1138 metueres
510 1056 582 1128 sint
598 1055 694 1126 enim
709 1055 870 1150 periculo
885 1055 1086 1148 propiores.
1120 1053 1232 1124 Dein·
1281 1058 1478 1144 praesentis
1494 1055 1589 1142 lonqe
1598 1058 1759 1142 praeseri
1775 1059 1810 1126 ui
1825 1067 1858 1126 et
1873 1057 2083 1130 mustum.
2126 1064 2230 1130 Nost

235 1163 301 1246 de,
326 1172 368 1232 ut
384 1159 522 1256 equites
539 1171 574 1230 et
591 1159 674 1244 alii,
700 1183 857 1254 quorum
873 1171 970 1230 aetas
985 1170 1039 1230 est
1051 1155 1232 1242 militaris,
1283 1159 1448 1252 quedem
1457 1161 1589 1230 Graeco
1602 1160 1724 1246 oppido
1731 1163 1917 1248 praesidiis
1927 1171 2019 1234 terret
2030 1171 2063 1233 er
2076 1163 2232 1250 respuilieu

234 1262 441 1336 Eleusinem
473 1275 657 1358 peterent,
699 1285 741 1332 ac
763 1261 890 1334 vicinis
915 1263 1147 1334 ostenderent
1166 1283 1233 1332 vos
1284 1263 1441 1350 ubrepat,
1468 1261 1634 1354 quaedum
1654 1262 1760 1332 etium
1782 1265 1957 1349 semodi,
1984 1275 2019 1340 et
2039 1267 2120 1334 ciues
2134 1265 2181 1334 nel
2196 1285 2232 1330 n·

235 1367 276 1440 in
298 1367 409 1438 armis
431 1390 525 1450 esse,
551 1377 591 1436 ut
605 1365 905 1438 confirmarentur
925 1363 963 1436 in
984 1367 1074 1436 urbe
1089 1361 1233 1436 Thebu-
1283 1387 1372 1435 sonu
1384 1366 1516 1448 uendit,
1542 1367 1581 1432 in
1602 1367 1767 1457 quaedum
1779 1369 1884 1438 etium
1901 1371 2018 1440 eiectis
2037 1369 2164 1440 &oens
2179 1367 2233 1433 trr-

236 1499 308 1561 na,
334 1475 399 1571 qui
422 1471 609 1544 nobiscum
634 1469 813 1554 sentiunt,
845 1482 887 1540 ut
902 1469 1019 1548 ¹libere
1035 1468 1128 1540 iusta
1150 1490 1233 1539 sua·
1283 1470 1384 1539 duros
1400 1467 1557 1550 collocet,
1589 1469 1629 1535 in
1640 1465 1730 1557 fona
1742 1480 1777 1541 et
1797 1483 2013 1543 monuments
2036 1473 2182 1541 maiorm
2197 1470 2233 1535 ir·

237 1581 323 1652 dere
344 1586 510 1674 possum
544 1584 605 1658 ut,
629 1574 725 1650 ¹sicut
744 1575 939 1644 vendentes
960 1571 1119 1666 patriam
1145 1565 1232 1640 Phi·
1282 1573 1416 1654 dustos,
1459 1573 1497 1638 in
1518 1593 1581 1664 quo
1602 1571 1695 1640 nilril
1711 1595 1795 1642 sune
1816 1575 1965 1643 alienum
1982 1573 2072 1665 fucit
2095 1573 2139 1641 uel
2153 1573 2233 1660 putris

235 1683 338 1776 lippo
362 1677 549 1774 praesidiis
566 1677 796 1761 nitebantur,
822 1676 872 1748 ita
891 1688 927 1746 et
950 1675 1013 1744 alii
1028 1676 1231 1752 libertatem
1283 1697 1347 1746 suu
1362 1673 1415 1742 uel
1435 1674 1601 1757 moribus,
1627 1683 1661 1744 et
1680 1674 1746 1743 leae
1767 1699 1831 1745 suu
1841 1675 1985 1766 sustuna
2001 1681 2175 1767 importune
2189 1675 2233 1741 sti

236 1783 420 1862 defensuri
441 1782 608 1856 viderent
635 1806 672 1854 se
700 1779 832 1852 auxilia
861 1775 1049 1873 habituros
1074 1802 1169 1862 esse,
1202 1776 1233 1848 si
1283 1787 1358 1862 tur,
1386 1776 1508 1846 oblitus
1528 1778 1601 1859 sui,
1633 1779 1693 1873 qui
1711 1800 1730 1846 e
1751 1801 1857 1868 paruo
1879 1790 1913 1851 et
1935 1783 2080 1875 quotttsr
2097 1777 2189 1872 foetu
2204 1783 2233 1842 u

194 1899 195 1904 ’
235 1889 371 1965 bellum
392 1897 621 1969 moveretur,
647 1896 683 1956 et
704 1883 789 1954 dedi
810 1882 1021 1967 consilium,
1046 1894 1088 1954 ut
1108 1884 1231 1952 decem
1283 1883 1457 1969 insperato
1470 1901 1624 1969 maqnus.
1678 1881 1824 1952 dodum
1844 1885 1966 1972 oppidu
1979 1907 2058 1954 eum
2070 1883 2182 1954 suctu
2197 1881 2231 1946 ir-

234 1991 344 2086 legati
362 1990 589 2082 eligerentur,
614 2011 770 2082 quorum
784 2010 858 2058 una
875 2011 957 2058 cum
972 1985 1122 2058 ducibus
1137 2009 1234 2056 sum·
1283 1987 1512 2073 tereipientem
1528 1983 1679 2053 tamara
1701 1990 1912 2075 etprimto,
1938 1990 2107 2059 miamin
2119 2009 2149 2058 se
2160 1983 2231 2052 utr-

235 2119 297 2166 ma
314 2105 405 2166 esset
418 2088 614 2176 autoritas,
641 2101 677 2160 et
692 2089 756 2185 qui
770 2101 958 2162 censerent
978 2091 1024 2160 de
1046 2089 1232 2160 educendo
1283 2088 1494 2182 'quiperts'shut
1507 2085 1650 2175 populus
1666 2089 1897 2162 Atheniensis.
1955 2098 2062 2165 Nune
2075 2089 2231 2161 neronum

238 2197 407 2270 exercitu.
467 2194 621 2286 Expone
643 2193 773 2277 etiam,
807 2193 896 2288 quid
917 2194 1015 2286 apud
1037 2189 1232 2264 Thebanos
1286 2195 1497 2264 Gruesunrm
1516 2191 1661 2261 'urbium
1694 2194 1785 2263 olins
1812 2195 1952 2284 indique
1980 2179 2143 2278 truelsri,
2175 2191 2233 2260 atu

237 2303 417 2394 agendum
434 2297 500 2384 sit,
525 2321 602 2368 non
613 2308 655 2367 ut
668 2294 805 2391 aliquid
821 2296 866 2367 ab
881 2295 968 2388 ipsis
983 2297 1126 2390 petatis,
1146 2296 1231 2392 quia
1282 2297 1387 2365 everti
1394 2345 1406 2379 ,
1433 2297 1590 2390 iniquum
1611 2317 1682 2364 esse
1697 2307 1824 2381 censet,
1849 2307 1884 2368 er
1899 2298 2017 2389 qloria
2037 2301 2184 2368 meierum
2199 2295 2234 2359 ire
2257 2313 2258 2356 ;

93 2413 96 2421 ,
236 2399 307 2476 hoe
338 2417 502 2494 tempore
531 2399 570 2470 in
592 2398 658 2472 tali
686 2399 850 2492 ipsorum
873 2412 973 2470 metu
1001 2412 1107 2493 turpe
1129 2412 1233 2485 esset,
1282 2399 1440 2488 dipsium,
1466 2400 1689 2482 committere,
1711 2409 1750 2472 ut
1773 2403 2070 2474 Graeciseroitute
2084 2403 2234 2492 opprimet·

236 2507 327 2578 velle
357 2507 404 2576 ab
434 2505 484 2576 eis
512 2503 652 2598 aliquid
680 2515 912 2598 extorquere,
945 2504 1008 2574 sed
1027 2515 1069 2575 ut
1090 2516 1230 2576 tantum
1282 2512 1352 2572 tur.
1404 2505 1523 2596 ltaque
1539 2504 1858 2575 uisumestsenutui
1868 2509 2055 2602 populoque
2067 2501 2258 2577 Arruntem*

235 2607 458 2708 promittatis
471 2607 665 2690 auxilium,
686 2606 718 2677 si
737 2606 776 2675 iu
791 2599 862 2677 hoc
879 2619 1038 2680 extremo
1055 2631 1121 2680 suo
1136 2608 1232 2704 peri·
1282 2615 1321 2677 ut
1341 2609 1427 2677 uotis
1448 2607 1652 2693 nuncupetis
1674 2615 1708 2676 et
1739 2611 1851 2678 surr-is
1877 2613 2029 2698 peremis
2060 2611 2138 2680 Diis
2154 2617 2180 2678 et
2197 2605 2233 2672 lu·

101 2727 106 2738 ’
209 2713 320 2789 .culo
343 2722 526 2807 peterent,
553 2721 594 2782 ut
607 2709 849 2802 intelligerent
864 2732 932 2781 nos
945 2710 1108 2803 ipsorum
1125 2710 1232 2782 saltui
1282 2711 1398 2780 roilus
1426 2711 1523 2780 urbis
1549 2708 1752 2782 tutelaribus
1778 2721 1812 2782 et
1841 2713 1984 2784 ditionis
2011 2712 2232 2788 mmmmm

236 2816 365 2888 melius
382 2813 585 2897 consulere,
602 2835 713 2908 quam
729 2812 799 2904 ipsi
812 2812 884 2885 sibi
896 2815 1153 2886 consuluerant
1167 2838 1231 2884 an·
1282 2822 1317 2884 et
1330 2821 1485 2884 rmocutn
1504 2815 1545 2883 iu
1561 2816 1758 2886 memorium
1776 2817 1901 2887 unere
1916 2819 2103 2901 maiorum,
2127 2817 2175 2910 qui
2183 2811 2234 2900 pb·

237 2933 317 3004 tea,
350 2943 392 2988 ac
416 2919 448 2990 si
470 2928 595 2988 nostra
624 2916 773 2988 consilia
797 2916 985 3002 audirent,
1019 2913 1171 2990 honesta
1196 2930 1232 2989 et
1282 2919 1336 2986 ris
1360 2915 1471 3007 seuere
1499 2914 1726 3005 defensionem
1758 2921 1922 2990 Graevius
1951 2921 2235 3010 sidonemque

185 3046 191 3056 ·
235 3021 435 3117 probabilis
457 3043 562 3094 seusa
583 3019 670 3090 belli
689 3029 801 3100 essets
824 3020 882 3092 sin
899 3033 1020 3092 sutem
1034 3046 1111 3092 non
1130 3021 1232 3094 audi-
1283 3043 1382 3090 susm
1400 3023 1571 3110 putrium,
1601 3029 1640 3090 ut
1658 3023 1820 3108 ducentes
1841 3047 1943 3094 noves
1965 3027 2006 3094 in
2027 3047 2119 3094 mure
2135 3029 2234 3110 putu·

235 3137 319 3198 rent
336 3147 423 3209 nos,
453 3135 662 3196 accusarent
681 3123 751 3215 ipsi
771 3147 866 3208 sese,
897 3123 930 3196 si
952 3126 992 3194 in
1022 3124 1231 3198 servitutem
1282 3124 1430 3209 ltuntur,
1456 3135 1489 3194 et
1509 3123 1704 3194 nouumlsus
1723 3128 1822 3196 intro
1841 3129 1950 3218 Pylas
1968 3127 2130 3218 appellet,
2150 3125 2233 3193 utu

236 3228 420 3307 venirentr
451 3251 519 3300 nos
533 3249 621 3296 vero
636 3222 728 3295 nihil
742 3221 974 3298 inhonestum
992 3241 1028 3298 et
1041 3229 1231 3320 iudignum
1284 3251 1325 3297 ae
1347 3231 1510 3318 muqister·
1537 3230 1687 3320 equitum
1712 3231 1884 3317 pedestres
1910 3241 1943 3300 et
1971 3240 2136 3326 equestres
2157 3228 2233 3314 euple

235 3330 351 3403 veteri
379 3329 509 3421 gloria.
524 3324 632 3400 huius
659 3328 760 3400 urbis
785 3329 907 3402 fecisse
933 3329 1231 3404 existimaremur.
1284 3331 1478 3401 Eleusinem
1490 3332 1651 3414 educunt,
1677 3340 1761 3402 etut
1774 3333 1878 3422 lequti
1898 3337 2082 3406 mittantur
2103 3335 2143 3402 ut
2163 3336 2235 3398 eostr-

124 3479 127 3488 ,
234 3433 333 3504 llaec
359 3457 443 3504 cum
473 3431 660 3515 dixissem,
695 3432 881 3516 descendi,
915 3457 956 3502 ac
979 3433 1124 3504 nemine
1146 3457 1232 3504 con·
1283 3457 1341 3504 rus
1376 3437 1540 3516 Graecos,
1574 3457 1616 3502 oc
1645 3437 1798 3523 primum
1831 3441 1981 3508 menium
2013 3439 2059 3507 sd
2093 3435 2233 3510 rustam.

234 3537 434 3618 tradicente
468 3558 533 3608 vos
574 3530 669 3606 hanc
710 3533 924 3606 senteutiam
958 3534 1230 3628 comprobastis.
1281 3546 1460 3625 propterea
1474 3533 1521 3630 ⁸¹)
1545 3537 1632 3631 quud
1645 3539 1826 3628 Philippus
1841 3563 1924 3630 apro
1938 3535 2233 3626 illorumestpuxl·

234 3641 306 3714 Sed
330 3663 407 3710 non
426 3638 523 3712 suasi
545 3649 706 3722 tanturn,
737 3641 800 3710 sed
823 3638 950 3732 scripsi
976 3639 1086 3711 etiam
1110 3641 1231 3712 decre·
1283 3663 1377 3724 mser,
1409 3645 1469 3736 qui
1489 3663 1546 3711 eos
1565 3641 1798 3726 mdorterttur,
1825 3655 1864 3714 ut
1883 3668 1907 3713 a
1928 3647 2087 3734 Philippo
2107 3665 2165 3712 non
2179 3657 2232 3726 prr·
2257 3661 2258 3692 ³

233 3759 334 3828 tum,
361 3756 399 3814 et
410 3740 629 3836 legationem
642 3739 745 3826 misi,
772 3753 808 3812 et
821 3738 1016 3816 Thebanos
1036 3744 1142 3816 nobis
1167 3745 1230 3815 ad·
1281 3741 1457 3832 terrefacti
1471 3766 1570 3816 suum
1581 3754 1615 3814 et
1626 3745 1775 3816 eliorum
1791 3733 1999 3819 &umorum
2014 3750 2183 3820 mmm
2196 3741 2233 3807 le

233 3847 348 3919 iunxi.
379 3842 468 3916 Inde
483 3867 597 3940 usque
612 3845 658 3914 ab
675 3844 780 3914 initio
795 3847 842 3918 ad
856 3847 965 3918 finem
983 3841 1071 3918 haec
1084 3847 1230 3940 negotia
1279 3846 1436 3937 fmrdunt,
1460 3857 1493 3919 er
1507 3850 1658 3920 indicent
1668 3851 1829 3938 populum
1843 3853 2084 3923 mursensem
2098 3849 2233 3920 utrem

235 3951 314 4044 egi,
338 3973 405 4018 nec
421 3946 558 4018 civitati
571 3948 727 4016 intanto
743 3948 904 4041 periculo
919 3951 1039 4022 deesse
1048 3951 1166 4040 ,volui
1283 3961 1447 4035 smmum,
1480 3953 1513 4022 si
1535 3974 1620 4047 quse
1640 3955 1732 4022 inter·
1754 3953 1855 4025 series
1873 3959 2137 4042 intercesserint,
2162 3946 2232 4037 ulti·

337 4047 475 4124 Exhibe
498 4049 609 4144 igitur
629 4052 831 4137 decretum,
864 4055 964 4146 quod
986 4067 1071 4124 tunc
1094 4054 1229 4125 lactum
1282 4077 1401 4126 surum
1416 4058 1597 4140 memorio,
1623 4077 1716 4146 opem
1733 4057 1885 4128 laurum
1896 4069 1930 4130 et
1949 4063 2057 4148 copiis
2070 4067 2103 4128 et
2117 4051 2231 4144 puerit,

112 4207 118 4216 -
234 4170 299 4232 est.
357 4155 563 4252 Utrumque
588 4167 708 4226 autem
734 4157 916 4240 conseras,
958 4156 1081 4252 quales
1105 4178 1148 4227 eo
1171 4157 1230 4228 die
1281 4169 1314 4230 et
1336 4159 1413 4229 telis
1432 4169 1466 4230 et
1487 4162 1612 4242 armis,
1637 4161 1698 4252 qui
1713 4163 1802 4230 scint
1816 4163 1902 4250 ipsis
1917 4165 2011 4232 ister
2029 4183 2065 4234 se
2083 4155 2232 4232 costenten

232 4261 408 4338 fuerimus
423 4261 553 4344 ambo,
578 4258 809 4344 dicesneme,
840 4271 882 4329 ut
905 4259 997 4332 soles
1022 4259 1230 4367 cpnviciari,
1279 4264 1542 4351 deprinciputu,
1555 4285 1630 4332 cum
1641 4265 1765 4333 Graeci
1777 4265 1859 4349 sint,
1877 4268 2092 4353 praeclusum
2101 4283 2178 4341 esser
2195 4255 2231 4324 lt·

233 4366 382 4439 mollem
406 4363 535 4448 luisse,
571 4373 606 4432 te
636 4387 724 4434 vero
750 4386 826 4432 non
856 4362 1040 4456 vulgarem
1067 4359 1229 4450 heroem,
1281 4367 1370 4436 mini
1383 4375 1495 4436 uutem
1509 4367 1719 4454 alienigenae
1729 4385 1853 4455 parere
1866 4355 2230 4460 etprincipotuspelittl

196 4525 198 4530 .
233 4470 297 4540 sed
324 4464 474 4540 heroem
505 4465 664 4562 aliquem
695 4489 739 4537 ex
769 4488 875 4539 scena
892 4499 924 4550 ,‘
955 4461 1230 4559 Cresphontem,
1280 4471 1461 4560 indipnum
1481 4493 1552 4541 esse
1567 4473 1773 4542 Graecorum
1786 4471 1901 4560 pluria
1915 4483 1950 4543 et
1963 4471 2258 4543 uir-tuterssuitutttw

234 4569 427 4644 Creontem
451 4571 510 4644 vel
533 4569 784 4656 Oenomaum,
825 4593 934 4665 quem
962 4570 1057 4649 male
1088 4573 1246 4663 agendo.
1282 4575 1339 4644 Art
1356 4574 1439 4643 lruer
1458 4595 1519 4642 neo
1539 4573 1689 4643 alienum
1709 4573 1907 4645 sididucme
1917 4567 2230 4666 populosissimus

233 4673 322 4762 olim
337 4674 542 4769 corrupisti.
589 4675 749 4747 'l'uvero
764 4673 847 4745 talis
872 4669 979 4746 heros
998 4697 1042 4746 eo
1065 4685 1230 4768 ternpore
1282 4688 1370 4762 sem,
1390 4677 1624 4748 ttuamrum
1634 4677 1794 4766 populum
1805 4679 2063 4769 oelsspnutiorse
2074 4663 2229 4762 uetusti
2257 4727 2258 4734 κ

231 4801 383 4874 prorsus
396 4778 496 4850 nulla
512 4779 553 4849 in
567 4802 607 4852 re
619 4779 760 4873 patriae
776 4775 874 4850 utilis
890 4777 1000 4850 suisti.
1048 4775 1128 4871 Ego
1140 4803 1229 4853 vero
1280 4789 1370 4873 tute,
1392 4789 1426 4850 et
1445 4782 1620 4852 reeordari
1641 4781 1811 4850 maiorum
1834 4803 1974 4852 suerum
1994 4779 2156 4852 utrarum
2172 4768 2228 4841 llt·

234 4882 292 4976 egi
324 4881 468 4966 omnia,
519 4907 612 4978 quae
640 4885 778 4956 bonum
810 4879 927 4952 civem
960 4904 1066 4974 agere
1097 4883 1230 4956 decuit.
1281 4888 1447 4956 donorum
1464 4885 1610 4954 maiores
1623 4881 1800 4972 beneficis,
1827 4900 1904 4955 cum
1923 4896 1956 4957 et
1969 4877 2223 4956 llereulisls'ltttt

229 4983 356 5062 Recita
377 4987 574 5060 decretum.
1283 4991 1341 5085 qui
1358 4990 1473 5113 patrio
1503 4991 1645 5077 imperio
1668 4988 2019 5114 uPeloponnenssius
2034 4985 2222 5102 sputimento

439 5169 672 5238 Decretum
696 5163 1016 5235 Demosthenis.
1282 5091 2224 5286 fflzmnllq'wtzlqfiwffi'ffgxmm

238 5341 242 5348 ·
335 5309 501 5378 Prodere
521 5303 704 5385 Nsrssicle,
741 5301 837 5372 tribu
854 5300 1070 5388 praesidente
1086 5295 1229 5378 sesua,
1288 5353 1493 5374 .-..-...

233 5407 365 5482 ffidll‘
377 5411 487 5492 Malis
506 5407 746 5478 ”mm
757 5401 996 5474 mm
1004 5398 1102 5488 filius
1115 5401 1230 5468 ΡΜ·
1315 5429 1367 5491 st)
1383 5433 1557 5498 propterea]
1574 5429 1626 5484 ltd.
1641 5429 1717 5483 tm
1735 5437 1835 5483 errore
1850 5433 1983 5501 tymme
1995 5429 2128 5496 pestem
