4548 5788
36 180 141 260 tee‘
267 183 408 258 XXXV.
456 181 858 258 INTERPRETATIO
884 181 1147 258 ORATIONIS
1171 183 1515 262 DEMOSTHENIS
1539 190 1605 264 DE
1632 194 1842 270 CORONA.

32 369 191 448 pugnat,
224 356 269 426 ad
292 351 557 450 quam‘harum
574 381 702 442 rerum
725 356 840 451 gloria
861 357 1029 449 pertinet,
1081 354 1253 427 lationem
1285 357 1545 434 Glaucotheam
1575 367 1788 453 nominans,
1832 393 1940 462 quam
1966 369 2074 461 vulgo

32 484 143 552 quam
161 485 231 530 me.
271 458 364 527 Vide
380 459 507 551 igitur,
532 485 577 530 ne
594 485 633 530 re
652 461 730 553 ipsa
749 461 900 550 civitatis
916 455 1029 532 hostis
1080 461 1320 532 nominabant
1343 461 1560 556 Empusam,
1602 470 1701 562 quod
1732 469 1853 540 omnia
1886 472 2020 541 faceret
2039 483 2076 542 et

31 563 100 648 sis,
135 566 221 633 dum
246 562 361 654 videri
389 563 442 633 vis
463 587 563 634 meus
588 587 662 636 esse
686 564 876 636 inimicus..
902 564 1029 637 ‚Post-
1080 573 1274 653 pateretur.
1339 564 1440 636 Adeo
1469 566 1657 661 improbus
1679 587 1714 644 et
1737 574 1899 666 ingratus
1921 585 1993 657 est,
2034 585 2076 642 ut

31 691 145 758 quam
161 678 280 736 autem
297 664 399 736 v‘obis
412 666 553 738 ostendi
573 666 673 758 pium
689 691 735 736 ac
755 668 888 738 iustum
914 666 1029 736 calcu·
1081 688 1161 734 cum
1180 663 1332 736 civitatis
1346 668 1517 742 beneficio
1534 697 1576 742 ex
1591 697 1695 744 servo
1718 675 1828 760 liber,
1863 689 1899 746 et
1924 701 1966 746 ex
1986 699 2076 768 pau·

28 769 129 852 lum,
154 791 250 838 nune
267 767 332 838 etsi
350 781 477 838 natura
496 793 571 838 non
589 770 746 840 delector
770 769 1028 853 maledicendo,
1080 791 1165 860 pere
1181 768 1278 839 dives
1292 768 1405 857 factus
1419 772 1483 857 sit,
1510 788 1631 845 tamen
1655 791 1780 848 contra
1807 803 1885 848 eam
1910 779 2087 866 mercede,

1999 197 2201 294 aso¹

29 883 156 941 tamen
170 895 238 964 pro
253 871 373 942 mulds
391 874 570 944 ementitis
587 873 755 945 conviciis
776 896 889 967 pauca
908 872 1026 942 dicam

27 987 182 1065 cogente
204 973 429 1057 necessitate,
470 976 782 1060 utconsideretis,
819 976 899 1072 quis
923 987 1028 1044 etex

27 1079 166 1171 quibus
184 1090 303 1159 ortus,
329 1091 403 1159 tam
419 1078 521 1148 facile
544 1078 695 1170 incipiat
717 1079 796 1150 aliis
820 1077 1027 1160 conviciari,

26 1192 63 1250 et
80 1193 266 1272 pervertat
278 1204 462 1252 sermones
477 1183 694 1272 transferens
712 1180 822 1265 inse,
855 1205 931 1251 non
954 1203 1027 1250 me·

25 1282 229 1378 diocris’P)
252 1281 350 1367 riri,
394 1286 454 1356 sed
485 1309 708 1354 summorum
738 1281 891 1362 heroum
920 1282 1027 1354 dicta.

24 1383 101 1454 Vix
118 1385 214 1455 enim
229 1385 312 1454 talia
329 1384 465 1472 diceret
479 1399 681 1472 accusator,
708 1387 737 1458 si
752 1389 903 1474 Aeacus.
929 1381 1026 1465 Rha-¹

25 1482 251 1562 damanthus
271 1500 334 1570 aut
352 1489 472 1561 Minos
496 1503 604 1577 esset,
639 1503 674 1560 et
696 1514 772 1559 non
796 1513 917 1562 scurra
943 1511 1026 1558 con-

24 1593 188 1662 culcatus
204 1591 241 1660 in
256 1593 357 1675 foro,
391 1605 426 1665 et
446 1593 560 1664 scriba
588 1605 726 1664 tantum
748 1596 799 1670 ,ad
824 1592 1026 1664 nocendum

22 1695 154 1766 locans
171 1717 310 1787 operas.
768 1755 770 1762 .

132 1796 336 1892 Quis·alius
369 1810 442 1884 tam
473 1797 618 1868 tetricos
648 1820 831 1868 sermones
860 1797 1027 1878 adferret,

23 1901 235 1990 exclamans
268 1899 366 1973 velut
395 1899 434 1971 in
465 1899 668 1992 tragoedia:
708 1899 882 1983 Oterra,
917 1897 1027 1981 osol,

24 2029 54 2072 o.
65 2003 198 2087 virtus,
213 2013 248 2071 et
262 2002 333 2072 alia
349 1997 567 2076 huiusmodi.
604 2001 752 2078 luvocat
764 2015 799 2074 et
813 2000 1025 2094 sapientiam

23 2119 62 2176 et
80 2104 327 2197 disciplinam,
353 2127 425 2199 qua
446 2101 597 2178 honesta
619 2119 655 2176 et
674 2107 795 2198 turpia
819 2104 1026 2196 discernun-

22 2223 102 2280 tur.
166 2207 265 2278 Haec
286 2208 384 2279 enim
408 2209 483 2281 eius
507 2211 614 2282 verba
637 2208 864 2290 meministis,
928 2204 1027 2300 Quid

22 2337 117 2382 vero
137 2309 205 2396 tibi
216 2311 385 2382 scelerate
401 2324 464 2382 aut
482 2313 553 2384 tuis
573 2337 653 2382 cum
679 2312 810 2396 virtute
834 2332 1026 2392 commune

22 2413 109 2488 est?
135 2415 234 2508 quod
252 2415 444 2486 discrimen
460 2411 695 2487 honestorum
720 2428 757 2486 et
778 2413 1028 2506 turpinmuu·

22 2543 141 2614 quam
176 2516 351 2588 servasti?
400 2541 463 2591 cur
496 2518 722 2611 disciplinam
749 2517 939 2607 nominas,
980 2516 1027 2585 ad

22 2645 141 2718 quam
155 2619 343 2707 assuefacti
368 2643 597 2715 nequaquam
622 2621 672 2691 ita
695 2620 849 2714 gloriose
872 2619 1027 2712 loquun-

21 2739 112 2807 tur,
149 2725 211 2794 sed
234 2723 449 2794 erubescunt
473 2723 601 2808 etiam,
642 2749 723 2796 curn
747 2725 793 2794 ab
817 2723 896 2794 aliis
917 2722 967 2790 ita
989 2745 1027 2824 se

18 2825 232 2922 praedicari
249 2825 412 2898 audiunt.
465 2826 643 2919 Quiyero
666 2839 815 2919 propter
838 2826 1027 2920 impuden-

18 2933 121 3002 tiam
145 2928 194 2998 ita
218 2953 255 3000 se
276 2928 462 3013 iactitant,
504 2954 581 3003 nou
603 2925 673 3000 hoc
695 2941 954 3024 assequuntur,
987 2938 1028 2996 ut

18 3035 120 3106 tales
137 3055 209 3103 esse
225 3031 495 3117 existimentur,
531 3033 655 3127 quales
682 3057 719 3104 se
743 3032 934 3114 simulant,
965 3030 1027 3100 sed

18 3151 67 3211 ut
89 3134 244 3205 modesti
258 3135 440 3206 auditores
457 3135 582 3220 dolore
596 3136 809 3208 afficiantur.
857 3135 947 3226 Cum
965 3155 1029 3202 au·

17 3253 103 3310 tem
119 3237 262 3330 copiosa
279 3239 430 3326 materia
446 3238 493 3315 sit
508 3252 632 3310 contra
650 3251 683 3308 te
700 3238 863 3321 dicendi,
890 3236 1029 3318 dubito,

14 3343 129 3415 unde
157 3364 295 3412 sumam
326 3341 483 3413 initium.
558 3342 668 3414 Pater
693 3365 817 3414 servus
844 3339 913 3412 fuit
944 3338 1028 3409 Hel-

12 3443 190 3542 piae²⁷)‚
226 3456 261 3514 et
282 3446 328 3517 ad
350 3440 483 3516 Thesei
506 3447 674 3518 sacellum
696 3444 928 3537 compedibus
950 3443 1029 3510 viu-

15 3563 108 3622 ctus
126 3547 249 3618 docuit
264 3546 411 3620 litteras.
463 3547 583 3619 Mater
597 3548 817 3643 quotidianis
831 3545 967 3642 nuptiis
991 3545 1029 3612 in

12 3649 177 3743 tugurio
214 3651 261 3719 ad
294 3649 497 3722 Talamitae
535 3653 710 3744 templum
744 3652 834 3720 dans
868 3670 1029 3741 operam,

16 3753 202 3828 educavit
213 3748 311 3824 hune
324 3754 459 3826 bellum
478 3749 704 3826 histrionem.
756 3751 897 3821 Deinde
913 3744 1030 3820 Phor-

13 3858 108 3932 mio
136 3855 268 3926 tibicen
296 3881 419 3942 servus
440 3880 519 3929 eam
544 3851 681 3926 abhoc
704 3849 854 3948 pulchro
879 3863 1030 3947 quaestu

14 3958 194 4034 abduxit.
245 3959 316 4030 Sed
331 3971 474 4044 metuo,
507 3983 555 4030 ne
572 3959 690 4032 dicam
709 3956 856 4049 indigua
872 3981 953 4039 me,
976 3952 1030 4023 di-

15 4089 117 4138 cens
140 4062 316 4154 dignate.
367 4062 433 4134 His
458 4062 567 4154 igitur
594 4061 734 4134 omissis
755 4059 914 4131 recitabo
936 4058 1028 4126 facta

13 4167 146 4264 ipsius
163 4165 324 4258 propria.
375 4165 459 4238 Non
476 4165 571 4239 enim
588 4178 666 4236 erat
681 4189 724 4234 er
740 4188 781 4237 eo
797 4185 946 4256 genere,
973 4160 1030 4231 cui

11 4299 61 4346 se
82 4269 235 4360 ingerit,
268 4269 331 4340 sed
352 4268 564 4354 extalibus,
597 4293 689 4362 quos
710 4278 894 4338 execratur
916 4289 1031 4358 popu-

10 4379 98 4448 lus.
151 4371 248 4442 Cedo
264 4371 360 4442 enim
384 4371 435 4455 ei,
462 4385 498 4442 et
518 4371 627 4464 paulo
650 4383 732 4442 aute
755 4369 862 4442 simul
885 4381 920 4438 et
944 4365 1031 4438 civis

15 4492 63 4550 et
81 4486 209 4546 orator
222 4475 336 4546 factus
354 4487 425 4560 est,
458 4488 494 4547 et
516 4477 605 4546 duas
627 4474 780 4568 syllabas
802 4471 945 4544 nomini
968 4495 1031 4563 pa-

14 4597 140 4654 terno
164 4577 321 4664 addidit,
340 4577 413 4648 'cui
432 4575 516 4649 fecit
537 4601 673 4647 nomen
693 4576 921 4660 Atrametus,
949 4597 1029 4644 cum

12 4687 75 4759 sit
94 4678 319 4778 Tromesw).
369 4679 480 4751 Matri
501 4679 628 4751 tribuit
649 4674 885 4751 honorificam
910 4677 1031 4772 appel-

59 4927 118 4984 ἥ)
138 4922 299 4985 matinen]
314 4922 365 4972 td.
385 4921 461 4974 tttoe.
480 4933 578 4974 errore
596 4924 725 4986 magne
750 4917 907 4972 nettorols.

59 5009 117 5067 27)
140 5009 273 5074 llelptae]
292 5009 334 5060 sto
351 5007 402 5058 ltd.
417 5007 510 5070 lta-3
534 5007 675 5060 nenostl.
692 5004 778 5056 ltdttt.
793 5003 907 5072 Belem,
926 5003 1032 5054 sehse·

102 5079 179 5145 fen,
203 5077 330 5130 Dfndorf.
350 5077 464 5128 namne:
486 5067 584 5144 'Elam
602 5079 672 5136 (non
688 5067 813 5141 Ἐλπίᾳ).

61 5168 120 5228 28)
140 5167 272 5226 tronea]
290 5164 332 5214 sto
351 5161 440 5226 patris
458 5173 556 5212 nonen
577 5159 751 5211 scribendum
768 5159 812 5209 est
828 5161 879 5220 (=
890 5159 1031 5218 Bennett.

104 5231 235 5301 Τρόμης)
242 5251 252 5297 3
279 5233 330 5285 sd.
351 5231 425 5284 tm.
445 5231 517 5282 nelo
533 5232 616 5282 hebet
632 5231 796 5292 tremelus,
829 5228 908 5278 entus
926 5227 1033 5278 errorla

99 5315 204 5356 ensem
222 5303 296 5354 dedit
313 5299 433 5354 Genltlvl
451 5299 530 5351 tlliue
545 5299 666 5352 nontnts
684 5300 774 5348 forne
792 5291 948 5366 rodpnroee
974 5298 1032 5347 De-

100 5373 263 5427 mosthenis
282 5371 353 5422 enlm
370 5369 459 5420 verbe
475 5370 544 5420 trec
560 5371 640 5420 sunt:
658 5363 706 5418 ent
723 5362 773 5418 dds
790 5362 929 5434 rotlande
946 5379 1033 5434 προς-

100 5437 170 5502 θεὶς
186 5435 237 5494 τόν
252 5437 308 5510 μὰν
323 5437 433 5505 norton
450 5433 514 5489 nni
531 5433 673 5506 Τρόμητος
688 5433 818 5500 ἐποίησεν
838 5431 1013 5504 Ατρόμῃον.

1079 895 1116 940 se
1132 871 1284 940 conduci
1300 871 1471 962 patiatur.
1523 875 1675 950 Omissis
1693 894 1812 952 autem
1836 882 2005 965 cacteris,
2031 881 2075 950 de

1080 973 1208 1066 quibus
1232 975 1445 1066 ambigitur,
1474 999 1519 1044 an
1539 1004 1607 1070 pro
1631 979 1773 1053 civitate
1796 996 1873 1053 acta
1896 983 1986 1068 sint,
2019 1007 2076 1052 re·

1079 1075 1196 1145 citabo
1214 1099 1275 1160 ea,
1301 1101 1393 1180 quae
1408 1079 1525 1170 palam
1543 1106 1611 1174 pro
1629 1080 1791 1158 hostibus
1804 1087 1899 1156 fecit.

1180 1178 1316 1250 Omnes
1357 1182 1569 1256 meministis
1603 1182 1828 1280 Antiphonta
1871 1187 2074 1258 absolutum
2171 1274 2176 1280 ¹

1079 1304 1173 1364 esse,
1201 1281 1262 1376 qni
1278 1277 1449 1377 Philippo
1471 1287 1687 1376 promiserat
1707 1315 1744 1360 se
1766 1291 1893 1360 navale
1916 1302 2076 1360 vestrum

1078 1383 1245 1454 incendio
1269 1383 1493 1480 perditurum
1520 1413 1613 1473 esse,
1654 1417 1759 1486 quem
1786 1417 1866 1462 cum
1889 1417 1954 1484 ego
1977 1391 2077 1462 abdi·

1079 1498 1155 1556 tum
1174 1512 1217 1556 ex
1232 1489 1378 1590 latebris
1392 1489 1431 1558 iu
1446 1487 1577 1561 Piraeo
1594 1496 1842 1579 extraxissem‚
1876 1509 1911 1564 et
1933 1495 1971 1564 in
1993 1519 2077 1564 con·

1080 1589 1222 1660 cionem
1236 1591 1504 1684 produxissem,
1531 1589 1588 1664 hic
1606 1609 1786 1667 veterator
1803 1597 2003 1668 vociferans
2017 1621 2076 1666 me

1078 1692 1190 1762 libera
1217 1692 1418 1763 incivitate
1441 1695 1611 1766 iniustam
1635 1700 1883 1771 crudelitatem
1900 1723 2077 1783 exercere,

1080 1795 1178 1890 quod
1211 1796 1250 1864 in
1284 1799 1412 1868 domos
1444 1799 1641 1870 liberorum
1674 1802 1806 1873 civium
1835 1815 2077 1896 penetrarem,
2169 1860 2172 1868 .

1078 1897 1247 1990 perfecit,
1284 1911 1325 1968 ut
1356 1902 1498 1970 decreto
1524 1903 1706 1976 concionis
1730 1906 1796 1975 iste
1823 1905 2077 1988 dimitteretur,

1079 2014 1115 2078 et
1133 2000 1202 2072 uisi
1223 2014 1367 2072 senatus
1390 2002 1428 2070 in
1450 2004 1641 2098 Aceopago
1663 1994 1819 2078 sentiens
1847 2008 1934 2101 quid
1957 2028 2078 2098 agere-

1079 2117 1156 2188 tur,
1190 2116 1226 2174 et
1245 2105 1447 2202 intelligens
1471 2105 1714 2200 ignorantiam
1738 2123 1894 2182 vestram
1921 2134 1964 2180 eo
1988 2121 2079 2179 tem·

1079 2231 1168 2299 pore
1186 2231 1316 2278 nocere
1341 2207 1581 2301 reipublicae,
1613 2213 1819 2284 retraxisset
1842 2214 1972 2297 istum,
2005 2212 2078 2281 ela-

1078 2335 1164 2404 psus
1179 2323 1290 2394 esset,
1323 2323 1359 2380 et
1379 2311 1507 2392 astutia
1528 2307 1635 2386 huius
1651 2314 1933 2408 praestigiatoris
1950 2300 2077 2407 poenis

1079 2425 1222 2506 ereptus
1248 2426 1350 2484 esset.
1415 2413 1518 2486 Scitis
1549 2429 1669 2490 autem
1693 2431 1817 2512 postea
1842 2442 1881 2487 re
1904 2413 2077 2512 inquisita
2203 2419 2210 2426 '

1079 2515 1269 2588 tormentis
1282 2515 1508 2591 interfectum
1526 2541 1622 2604 esse,
1648 2532 1690 2592 ut
1706 2519 1839 2592 iustum
1857 2532 1945 2600 erat.
1985 2519 2077 2590 Cum

1078 2619 1188 2715 igitur
1219 2619 1361 2690 senatui
1394 2619 1434 2688 in
1458 2620 1650 2714 Areopago
1682 2636 1769 2693 nota
1805 2635 1896 2694 esset
1927 2621 2077 2715 perfidia

1077 2717 1277 2807 Aeschinis,
1304 2734 1496 2819 postquam
1512 2723 1642 2795 usitata
1659 2724 1877 2818 ignorantia,
1904 2723 2080 2820 qnamul-

1079 2838 1115 2896 ta
1140 2826 1366 2920 perdidistis,
1406 2824 1475 2918 ipsi
1505 2826 1722 2918 legationem
1754 2829 1800 2897 ad
1828 2827 2001 2897 iudicium
2032 2828 2077 2897 de

1080 2929 1214 3023 templo
1226 2925 1403 3021 Delphico
1420 2930 1676 3015 mandassetis,
1702 2929 1832 3001 deinde
1847 2955 1885 2999 re
1902 2942 1978 3000 tota
1995 2953 2077 3022 per·

1079 3033 1189 3102 missa
1210 3033 1351 3102 senatui
1372 3031 1411 3100 iu
1433 3031 1645 3125 Areopago,
1681 3033 1805 3104 reiecit
1827 3057 1909 3104 eum
1933 3046 2078 3104 senatus

1080 3147 1253 3230 tanquam
1270 3133 1517 3229 proditorem,
1541 3146 1577 3204 et
1589 3133 1805 3229 legationem
1824 3135 2008 3206 transtulit
2031 3136 2078 3204 ad

1079 3237 1319 3333 Hyperidem,
1347 3262 1428 3307 cum
1445 3238 1591 3332 quidem
1607 3238 1733 3308 calculi
1746 3240 1790 3309 ab
1807 3263 1871 3308 ara
1884 3239 2077 3324 ferrentur,

1080 3366 1146 3412 nec
1162 3341 1275 3412 ullum
1293 3339 1503 3432 suffragium
1521 3341 1587 3412 iste
1605 3333 1823 3414 execrandus
1837 3337 1975 3412 habuit.

1449 3497 1703 3564 Testes.

1182 3613 1402 3685 Demostheni
1430 3620 1530 3682 tester
1557 3622 1638 3682 aunt
1667 3614 1747 3695 ten,
1791 3613 1938 3695 colline,
1973 3615 2077 3694 bno,

1082 3717 1176 3799 eno,
1202 3717 1425 3803 Dementens,
1459 3717 1546 3806 qood
1564 3713 1784 3798 Aeschinem,
1819 3717 1874 3783 eni
1894 3715 2016 3806 legatio
2033 3717 2079 3784 ad

1080 3821 1242 3890 indiciam
1255 3819 1297 3886 de
1316 3816 1437 3903 templo
1453 3818 1615 3905 Delphico
1632 3818 1794 3887 ennoea
1808 3825 1903 3900 nn,
1928 3820 2079 3889 sennes

1080 3923 1217 4003 reiecit,
1243 3928 1278 3990 ee
1291 3919 1490 4007 legationem
1504 3921 1681 3991 transtulit
1694 3921 1740 3988 ad
1755 3922 1974 4010 Hyperidem.

1183 4057 1279 4153 Quia
1302 4053 1412 4148 igitur
1428 4069 1572 4128 senatus
1593 4081 1676 4127 eum
1696 4054 1838 4139 reiecit,
1871 4067 1994 4148 aperte
2018 4057 2079 4124 de·

1081 4163 1233 4233 claravit
1267 4185 1349 4232 eum
1390 4159 1615 4253 proditorem
1657 4171 1693 4229 et
1723 4157 1954 4249 perfidiosum
1992 4181 2078 4229 esse.

1082 4265 1171 4336 Tale
1193 4265 1261 4337 fuit
1288 4263 1422 4332 factum
1453 4261 1555 4334 istius
1581 4261 1684 4332 fortis
1716 4260 1807 4344 viri,
1847 4284 2079 4357 nequaquam

1082 4368 1198 4440 simile
1219 4369 1308 4451 illis,
1341 4364 1492 4460 quaein
1517 4388 1575 4434 rne
1598 4365 1746 4434 confert.
1805 4362 1970 4432 Alterum
1991 4387 2078 4432 vero

1082 4473 1185 4544 vobis
1200 4471 1239 4542 in
1254 4468 1469 4541 memoriam
1489 4467 1650 4559 redigite.
1704 4461 1795 4535 Cum
1811 4460 2001 4557 Philippus
2009 4465 2080 4560 Py-

1082 4571 1231 4646 thonem
1255 4587 1291 4644 et
1312 4575 1449 4664 legatos
1471 4569 1652 4642 sociorum
1670 4564 1814 4639 Thebas
1835 4567 2006 4654 misisset,
2039 4582 2082 4640 ut

1082 4690 1243 4750 nostram
1261 4677 1440 4748 civitatem
1459 4686 1659 4758 accusaret,
1686 4684 1721 4741 et
1743 4674 1947 4743 ostenderet
1969 4696 1990 4742 a
2014 4697 2080 4743 no-

1081 4783 1137 4854 bis
1152 4781 1243 4854 oriri
1258 4781 1342 4850 belli
1363 4801 1506 4849 causas:
1541 4803 1606 4870 ego
1622 4771 1827 4871 Pythonem
1842 4776 2010 4848 ferociter
2025 4788 2081 4846 tu-

1083 4885 1320 4956 multuantem
1349 4893 1386 4950 et
1409 4905 1541 4972 magno
1564 4881 1701 4975 impetu
1725 4892 1890 4952 ruentem
1914 4877 2080 4974 repressi,

1083 5011 1150 5058 uec
1164 4987 1252 5058 cessi
1266 4988 1318 5070 ei,
1343 4986 1405 5055 sed
1420 4984 1540 5077 palam
1559 4981 1782 5068 contradixi,
1815 5008 1881 5056 nec
1905 4981 2080 5058 defensio-

1081 5116 1166 5162 nem
1195 5089 1349 5160 civitatis
1377 5099 1524 5158 nostrae
1552 5087 1683 5160 iustam
1713 5087 1874 5170 deserui,
1917 5085 2079 5178 adeoque

1083 5193 1269 5288 perspicue
1284 5190 1438 5264 refutavi
1452 5187 1683 5286 Philippum,
1714 5201 1805 5260 utet
1821 5186 1909 5258 socii
1933 5209 2080 5278 surgen-

1083 5310 1136 5370 tes
1148 5300 1348 5368 faterentur
1361 5317 1428 5366 nos
1444 5293 1573 5366 iniuste
1589 5293 1761 5365 accusari.
1810 5287 1873 5361 llle
1889 5313 1976 5361 vero
1995 5311 2080 5358 con·

1083 5417 1139 5476 tra
1161 5400 1340 5497 patriam,
1374 5409 1409 5468 et
1432 5398 1578 5500 qtridem
1601 5397 1730 5468 falsum
1758 5394 1898 5466 dicebat
1921 5391 2081 5465 testimo·
2178 5444 2181 5452 ,
