4584 5796
211 195 307 276 sta.
543 125 545 144 ’
788 165 913 248 run.
946 159 1667 248 animumanimumum.
2165 167 2254 242 sse

207 365 359 464 Papirii.
418 356 587 456 sequitur
616 343 833 447 propositio,
873 341 972 438 quod
1001 339 1198 412 admodum
1250 335 1337 432 quid
1352 337 1492 410 lentum
1507 347 1571 410 aut
1586 335 1767 430 singtdme
1782 347 1965 432 expeteret
1988 351 2025 411 et
2043 339 2257 434 postulares

210 475 404 546 delectetur
418 460 486 534 bac
499 453 678 553 praesenti
693 447 916 530 conditione,
940 445 1041 540 quod
1059 439 1199 516 scholas
1251 439 1390 512 Cicero.
1439 439 1558 512 Porro
1573 451 1650 510 tote
1665 439 1817 534 epistola
1833 453 1976 514 constat
1986 444 2224 518 narratione.

211 573 361 656 habeat,
385 563 516 638 additis
531 572 686 656 quatuor
700 550 900 622 rationibus
918 547 962 618 ab
977 545 1070 618 utili.
1119 542 1199 614 Pri-

212 701 294 760 rna,
320 671 418 768 quod
431 666 500 739 sibi
515 657 678 733 conciliet
689 653 883 725 familiares
894 649 1067 732 Caesaris,
1093 646 1201 716 adeo-

213 801 284 874 que
297 776 414 868 ipsum
431 769 638 847 Caesarem,
664 757 763 854 quod
779 755 841 825 alii
859 751 1077 844 negligentes
1095 748 1200 818 foede
1354 741 1477 816 locosa
1496 756 1549 816 ost
1568 743 1741 836 epistola,
1765 745 1805 818 iu
1826 769 1898 843 qna
1916 747 1964 818 ad
1982 746 2123 822 litteras
2139 749 2262 842 Papi·

196 879 409 974 perieruut.
471 867 653 949 Secunda,
686 860 784 956 quod
808 853 1005 936 valetudini
1028 851 1202 923 consulat.
1253 845 1300 916 rii
1313 846 1358 918 de
1373 843 1514 940 hospite
1530 844 1667 932 Balbo,
1699 847 1763 942 qui
1777 848 1878 920 tenui
1900 864 2077 944 apparatu
2098 865 2264 922 couten-

214 979 338 1052 Tertia
371 972 485 1057 ratio,
522 969 621 1063 quod
654 957 857 1056 eloquentia
890 980 952 1028 seu
983 953 1100 1027 studia
1133 948 1203 1022 boc
1254 961 1311 1021 tus
1325 949 1467 1034 luisset,
1491 949 1727 1022 urbanissime
1742 953 1948 1045 respondet,
1971 952 2139 1024 videlieet
2152 957 2264 1050 qnod

215 1084 326 1156 modo
342 1070 578 1165 mereant⁸¹).¹
619 1066 780 1162 Quarta,
805 1060 903 1155 quod
919 1056 1061 1129 facilem
1077 1055 1203 1126 etlau·
1254 1052 1336 1122 idco
1363 1051 1624 1146 praedicaverit
1652 1051 1820 1144 Papirius
1846 1052 1952 1124 Balbi
1981 1056 2265 1140 abstinentiam,

94 1155 101 1166 .
214 1199 292 1257 tum
308 1180 442 1252 vietum
457 1172 600 1246 habeat.
658 1165 751 1236 ilinc
773 1161 883 1236 sumit
904 1158 1126 1231 occasionem
1151 1156 1205 1224 io·
1255 1165 1296 1226 ut
1310 1167 1518 1226 moneretur
1531 1153 1677 1238 Cicero,
1702 1177 1748 1226 ue
1766 1155 1853 1251 quid
1868 1155 2006 1226 lautum
2021 1155 2179 1250 posthac
2200 1185 2266 1229 ex·

166 1294 173 1305 '
214 1283 421 1362 caudicum
441 1249 590 1369 rapido
616 1272 660 1341 de
689 1267 762 1340 suis
793 1263 912 1335 rocula
939 1257 1206 1353 frugalioribus,
1256 1253 1412 1350 peteret,
1437 1259 1499 1330 sed
1514 1256 1688 1328 mediocri
1707 1255 1771 1327 illo
1791 1271 1969 1350 apparatu
1987 1273 2185 1334 contentus
2210 1287 2267 1334 es·

216 1401 253 1462 et
268 1381 447 1457 invitandi
462 1401 545 1450 eum
561 1375 607 1445 ad
625 1371 776 1460 similem
803 1365 1046 1436 conditionem
1068 1357 1206 1434 schola·
1257 1371 1322 1432 set.
1372 1357 1525 1430 Orditur
1544 1371 1664 1430 autem
1686 1381 1707 1427 a
1722 1360 1843 1431 iocosa
1861 1357 2144 1453 reprehensione
2159 1363 2267 1434 litte·

217 1489 343 1563 sticam
358 1478 630 1575 suscipiendam.
1258 1483 1382 1532 rarum
1397 1463 1442 1532 de
1456 1457 1596 1553 hospite
1611 1459 1748 1548 Balbo,
1774 1460 1831 1532 cui
1847 1461 1991 1534 subiicit
2003 1465 2178 1536 festivam
2203 1490 2266 1536 ca-

1258 1562 1433 1634 lumniam
1459 1565 1653 1635 verborum
1667 1562 1827 1655 Papirii,
1861 1566 1986 1636 addita
2005 1569 2269 1640 confutatione

462 1649 598 1723 Aliud
624 1651 953 1738 alimentum·
1260 1665 1368 1738 totius
1390 1665 1610 1738 narrationis
1627 1665 1670 1736 de
1685 1665 1820 1752 Balbo,
1845 1665 2046 1759 significans
2066 1671 2177 1742 illum
2206 1697 2268 1742 ac-

320 1786 490 1864 Narratio
508 1787 553 1855 de
571 1778 722 1874 acceptis
737 1775 864 1846 litteris
880 1785 916 1843 et
936 1773 979 1842 de
1002 1792 1068 1842 sno
1092 1765 1210 1838 eonsi-
1260 1780 1402 1860 ceptum
1433 1767 1649 1854 lautissime,
1686 1791 1752 1839 nec
1784 1781 1991 1841 contentum
2019 1773 2131 1846 luisse
2155 1776 2267 1844 tenui

218 1896 269 1966 lio
283 1891 433 1963 omnino
448 1885 638 1983 prudenti,
665 1903 737 1978 quo
762 1903 783 1948 a
806 1878 888 1947 loro
912 1899 950 1945 se
970 1871 1009 1942 in
1032 1883 1149 1942 totum
1170 1869 1209 1940 iu
1261 1883 1449 1964 apparatu.
1500 1869 1689 1942 Concludit
1708 1869 1895 1964 epistolam
1910 1885 2058 1945 venusia
2074 1875 2267 1946 allusione

220 1993 337 2070 studia
352 1993 554 2062 litterarum
569 1981 756 2056 abdiderit.
800 1979 911 2049 Addit
927 1973 1210 2057 commoditates,
1260 1975 1306 2044 de
1319 1972 1495 2044 vocabulo
1505 1971 1623 2058 Balbi,
1649 1995 1813 2057 monens,
1828 1986 1871 2044 ut
1884 1975 1994 2046 simili
2006 1978 2120 2046 modo
2138 1974 2268 2048 homi·

198 2115 312 2194 ‘quus
330 2095 414 2164 inde
439 2093 566 2184 capiet.
623 2085 762 2155 Deinde
786 2081 926 2151 iocatur
947 2101 1029 2148 cum
1049 2074 1210 2168 Papirio,
1260 2099 1343 2146 nem
1360 2076 1532 2148 disemum
1550 2073 1716 2145 convivio
1737 2075 1900 2169 excipiat
1950 2074 1992 2148 ln
2011 2080 2081 2150 line
2102 2081 2268 2172 ponitur

219 2202 380 2272 futurum
397 2195 561 2276 tandem,
586 2201 627 2260 ut
639 2189 716 2280 ipsc
738 2205 883 2278 quoque
908 2181 1033 2250 ludum
1054 2177 1210 2271 aliquem
1261 2175 1380 2250 brevis
1396 2177 1608 2270 significatio
1624 2176 1680 2249 sui
1695 2178 1882 2250 adventus.

111 2377 115 2388 ,
178 2327 180 2332 ’
222 2301 381 2396 aperiat,
407 2321 487 2368 cum
507 2290 681 2386 paulatim
697 2285 820 2358 omnia
838 2307 901 2356 sna
917 2283 1013 2352 bona
1027 2279 1186 2373 dissipet.

1506 585 1647 680 Aliud
1672 621 1997 703 argumentum.

1509 2347 1647 2422 Aliud
1672 2363 2000 2442 argumentum.

167 2533 175 2544 ·
271 2518 598 2609 Argumentum
634 2517 677 2576 et
710 2499 889 2574 scholia
914 2499 958 2568 in
987 2497 1162 2591 episto·
1364 2481 1536 2556 Narratio
1558 2496 1610 2556 cst
1630 2486 1781 2606 figurata
1802 2486 1883 2556 ioco
1906 2487 1950 2556 de
1972 2482 2114 2605 hospite
2141 2488 2269 2562 Balbo

341 2621 344 2628 ·
606 2610 695 2678 lam
720 2603 813 2675 ΧΙΧ,
1264 2587 1360 2658 laute
1376 2597 1545 2680 excepto,
1569 2589 1615 2656 ad
1630 2611 1729 2661 eurus
1742 2589 1944 2680 exemplum
1962 2588 2087 2660 Cicero
2109 2615 2151 2662 se
2169 2619 2271 2687 quo-

327 2767 529 2860 Seripserat
548 2763 680 2833 Paetus
700 2754 865 2830 Ciceroni
892 2749 1115 2846 praedicanti
1137 2751 1215 2821 lau·
1266 2713 1335 2783 que
1358 2713 1473 2780 ΜΨ
1495 2691 1671 2782 9⁰⁵²ulai’
1698 2703 1741 2760 ¹¹²
1768 2691 1831 2785 qui
1852 2691 1953 2761 ⁰¹¹¹¹⁰
1975 2694 2084 2762 ¹⁰⁰d⁰
2106 2693 2273 2786 P⁰⁸¹h³t

224 2889 278 2946 tas
301 2869 533 2944 familiarium
563 2887 712 2936 suornm
741 2881 902 2942 mensas,
934 2854 1089 2926 Balbum
1114 2851 1215 2924 temti
1266 2802 1452 2863 mmmm
1467 2815 1541 2864 ⁰⁸⁸⁰
1555 2794 1642 2863 vehi
1655 2805 1755 2864 ¹⁰¹¹OE
1769 2805 1957 2886 apparatu·

223 2987 430 3048 contentum
445 2970 565 3042 fuisse.
615 2964 655 3035 ld
673 2963 797 3034 Cicero
812 2961 893 3032 ioco
915 2957 966 3030 sic
993 2957 1147 3052 accepit,
1173 2979 1214 3024 ac
1480 2957 1618 3030 Aliud
1647 2971 1964 3054 argumentum
1977 2959 2036 3056 ³⁶)

117 3127 137 3154 .‚
222 3077 397 3152 siPaetus
413 3073 494 3142 ideo
511 3067 709 3161 scripserit,
743 3089 789 3136 ne
806 3064 892 3158 quid
907 3061 1046 3134 lautum
1063 3083 1085 3133 a
1101 3083 1137 3133 se
1156 3081 1215 3129 ex·
1368 3090 1512 3165 locatur
1527 3114 1607 3163 cum
1621 3093 1754 3177 paeto,
1786 3119 1822 3166 se
1845 3117 1920 3163 non
1946 3095 2023 3163 pm
2046 3107 2271 3170 commum

223 3190 360 3272 peieret
376 3172 573 3266 Citet⁰³')·
1266 3194 1367 3265 tenui
1384 3207 1579 3288 apparatu,
1607 3196 1754 3266 auludit
1777 3196 1815 3264 in
1837 3195 1983 3266 nomine
1995 3194 2123 3281 Balbi,
2154 3226 2273 3294 quem

328 3276 359 3370 i·
376 3279 410 3348 1·
439 3263 768 3364 Tamss'lamffiiia]
794 3263 916 3334 ¹⁰⁰⁰⁸³
933 3261 1216 3332 mummuli·
1268 3320 1351 3368 cum
1371 3297 1566 3370 lautissime
1587 3298 1771 3381 tractavit,
1803 3298 1967 3394 iniquum
1989 3322 2062 3370 esse
2088 3299 2205 3386 dicit,
2242 3304 2274 3373 si

269 3479 278 3500 ,
328 3377 511 3552 {32le
532 3375 643 3464 ΡΜ
664 3394 735 3440 ²³⁸⁶
757 3361 889 3462 balim]
930 3363 1067 3436 Assusi⁰
1089 3363 1127 3432 ³¹¹
1149 3385 1216 3432 ¹¹⁰·
1268 3420 1304 3470 se
1319 3398 1491 3470 disertum
1510 3422 1585 3469 nou
1600 3401 1726 3470 codem
1741 3400 1852 3471 modo
1864 3411 2002 3472 tractet.

228 3505 326 3556 inrue
381 3504 401 3550 a
442 3503 465 3550 1.

503 3641 512 3659 .
1518 3566 1657 3638 Aliud
1679 3581 2002 3660 argumentum.

441 3640 577 3712 Aliud
604 3631 986 3730 argumentomoe).

326 3780 450 3854 locosa
465 3791 516 3851 est
530 3773 698 3869 epistola,
723 3773 762 3842 in
785 3795 855 3866 qua
879 3766 1102 3840 festivissime
1125 3763 1217 3836 ludit

228 3911 309 3960 cum
323 3883 494 3977 Papirio,
519 3892 555 3948 et
568 3889 667 3946 taxat
681 3875 775 3943 illins
792 3873 1018 3944 tenacitatem
1041 3883 1077 3938 et
1095 3869 1217 3940 sordes

228 3991 268 4060 iu
288 3983 502 4080 excipiendis
517 3975 781 4071 hospitibus⁸⁸).
838 3973 1093 4088 Sumitautem
1118 3993 1218 4040 occa·
1266 3987 1267 3990 ’
1320 4023 1379 4096 Ar
1417 4039 1647 4098 nmmum
1676 4039 1721 4096 et
1744 4023 1920 4098 scholia
1955 4028 2001 4098 in
2036 4053 2054 4096 e
2095 4029 2223 4100 isto·

228 4091 366 4162 sionem
390 4088 494 4169 inde,
523 4083 621 4177 quod
641 4079 830 4170 scripserat
843 4075 1030 4168 Papirius,
1057 4096 1137 4143 cum
1155 4097 1218 4141 au·
1388 4049 1410 4118 g
1670 4129 1755 4198 lam
1782 4129 1857 4200 XX·
2062 4051 2087 4120 P

228 4205 287 4264 tea
302 4190 408 4260 multi
424 4180 727 4280 expetivissentffl)
743 4181 840 4248 lauta
855 4175 1038 4260 convivia,
1062 4174 1217 4244 Balbum

227 4295 348 4366 virum
362 4280 859 4381 magnumetdivitemtenui
879 4290 1056 4371 apparatu
1074 4290 1219 4346 conteu—
1373 4271 1490 4372 Estfl)
1507 4269 1643 4346 ethaeo
1659 4275 1796 4356 iocosa;
1830 4277 1881 4346 ait
1896 4301 1932 4348 se
1947 4291 2143 4349 venturum
2161 4287 2279 4356 valde

229 4409 307 4469 tum
341 4393 459 4466 luisse.
534 4389 612 4460 Hoc
643 4385 768 4458 Cicero
800 4383 1056 4474 interpretatur
1089 4379 1220 4464 iocose,
1270 4377 1492 4462 famelicum,
1518 4390 1553 4448 et
1568 4379 1745 4448 iacturum
1759 4379 1827 4471 ipsi
1843 4380 2026 4472 negotium
2036 4379 2095 4478 ³⁸).

1373 3703 1467 3774 Tota
1490 3717 1542 3776 est
1564 3703 1684 3776 iocosa
1708 3729 1858 3801 sequens
1883 3702 2051 3799 epistola,
2076 3703 2173 3775 sicut
2191 3731 2275 3776 ma·

1268 3829 1338 3902 gna
1357 3819 1514 3900 exparte
1533 3819 1616 3878 sunt
1633 3808 1803 3901 epistolae
1820 3809 1866 3878 ad
1882 3807 2034 3877 Paetum
2051 3807 2231 3899 scriptae.

230 4499 328 4594 quod
350 4494 515 4566 videlicet
535 4486 605 4561 boe
625 4489 707 4560 ideo
728 4489 772 4558 de
793 4485 908 4556 Balbo
938 4481 1139 4575 scripserit,
1173 4506 1219 4553 ne
1374 4476 1406 4571 ξ.
1421 4480 1457 4551 a.
1491 4483 1649 4552 Patrium
1667 4477 1784 4579 eluci]
1816 4481 2130 4574 Elegantissimnm
2155 4479 2278 4580 ἦθος,

1013 4623 1017 4628 ·
1271 4585 1342 4655 sei
1357 4578 1523 4680 τιναῆ]
1550 4582 1731 4674 Repetitio
1746 4585 1939 4679 superioris
1958 4585 2040 4657 ioci.

231 4671 433 4690 ψ·-

265 4763 313 4832 at)
332 4765 472 4824 crescant]
492 4759 534 4812 sio
549 4757 599 4810 Ed.
619 4755 711 4818 ibid,
736 4751 820 4805 uitri.
840 4751 933 4819 ibon,
952 4749 1044 4815 ibib,
1062 4746 1139 4801 toas.
1158 4758 1222 4798 ore·

299 4833 390 4885 ⁸⁰⁰⁸·
1306 4835 1356 4894 ³6)
1375 4835 1434 4884 lios
1455 4835 1646 4898 argumentum
1669 4835 1699 4884 et
1724 4844 1841 4898 mneos
1858 4833 1887 4884 tu
1904 4835 1988 4888 Edltt
2008 4835 2115 4888 1566-
2124 4839 2208 4895 tous,
2230 4847 2282 4895 in-

262 4917 313 4980 st)
332 4919 391 4970 itae
401 4914 592 4977 argumentum
602 4911 702 4962 babent
712 4907 798 4962 lldltt.
807 4903 1009 4982 itii-toti,
1029 4902 1115 4970 toti,
1134 4901 1221 4968 iesu,
1342 4902 1498 4952 veniuntur.

301 4985 377 5038 todi.
1306 4988 1357 5046 87)
1374 4986 1442 5036 liuto
1459 4985 1520 5036 vuol
1547 4985 1574 5035 ln
1593 4986 1675 5036 Editt.
1705 4985 1797 5052 totu,
1818 4987 1909 5052 toti„
1929 4987 2021 5054 155⁴„
2049 4991 2124 5042 tasi.
2143 4999 2289 5058 praefixa

263 5071 313 5133 88)
331 5071 391 5122 iioc
407 5067 595 5132 argumentum
613 5065 641 5115 et
658 5063 712 5114 duo
729 5059 874 5126 resumite
888 5060 925 5109 ets
940 5056 1024 5109 uoto.
1042 5056 1129 5122 iiio,
1154 5056 1223 5108 litt
1343 5059 1408 5105 suut
1426 5053 1482 5108 cie.
1502 5057 1588 5104 veros
1606 5054 1648 5115 is.
1666 5056 1721 5113 i.):
1746 5055 1913 5120 dupliciter
1930 5057 2099 5112 detestetur.

208 5136 232 5157 f
299 5139 419 5190 ’Μ’
437 5135 606 5188 mimus·
1306 5139 1356 5200 80)
1375 5137 1433 5190 llos
1446 5143 1635 5208 argumentum
1648 5135 1748 5190 babent
1759 5139 1844 5191 sitit.
1857 5139 2057 5206 lodi-lato,
2073 5147 2161 5214 taus„
2185 5151 2289 5210 tuiz,

265 5227 316 5286 ³4)
334 5221 502 5290 hospitibus]
521 5218 569 5268 tid.
588 5217 664 5268 tuos.
683 5225 780 5266 errore
797 5217 930 5276 typum:
947 5209 1084 5273 aospious.
1345 5209 1420 5259 issu,
2277 5215 2284 5219 .

268 5311 318 5367 35)
337 5306 551 5373 expetivissent]
570 5303 611 5356 elo
629 5301 713 5354 lldltt.
729 5299 824 5364 ibib,
846 5298 938 5358 ladit,
958 5293 1050 5361 ime
1078 5297 1128 5348 ui.
1147 5295 1223 5349 ibet.
1307 5293 1356 5354 H]
1375 5291 1431 5343 Pro
1447 5291 1489 5341 lrls
1507 5289 1565 5344 cio.
1581 5291 1676 5343 verbis
1693 5291 1722 5342 lu
1737 5289 1823 5342 tutti.
1837 5292 1923 5360 itio,
1942 5295 2018 5346 titio.
2034 5299 2096 5349 trio
2111 5305 2203 5354 notae
2223 5319 2287 5370 sp.

307 5379 519 5441 expedivissent.
1343 5361 1437 5426 poslts
1454 5362 1519 5410 sunt
1535 5361 1693 5424 sequentia:
1717 5361 1803 5414 noso
1819 5365 1873 5415 tito
1890 5365 2041 5416 cmm.
